1712 2861
835 109 900 156 32

216 247 307 287 dicit
345 245 409 297 „Si
448 245 559 297 glans
599 257 651 284 ex
689 244 834 284 arbore
871 250 937 285 tua
974 247 1014 285 in
1053 257 1182 284 meum
1213 245 1376 285 fundum
1405 246 1529 297 cadat,

217 338 384 378 eamque
424 337 502 377 ego
540 325 714 364 immisso
753 336 901 377 pecore
940 325 1171 378 depascam,
1211 326 1345 365 Aristo
1383 326 1530 376 scribit,

214 418 294 446 non
319 405 393 445 sibi
418 417 631 445 occurrere
654 404 868 457 legitimam
893 406 1098 457 actionem,
1130 419 1206 458 qua
1230 406 1406 459 experiri
1430 417 1531 458 pos-

216 486 308 525 sim:
347 497 437 524 nam
467 497 605 537 neque?
630 497 681 524 ex
709 484 801 538 lege
831 486 900 526 XII
929 487 1146 526 tabularum
1180 486 1229 526 de
1259 491 1374 539 pastu
1403 497 1531 538 peco-

214 567 283 617 ris,
317 566 405 618 quia
434 577 515 605 non
544 566 584 604 in
612 569 681 604 tuo
713 565 897 617 pascitur,
928 578 1058 619 neque
1084 567 1133 606 de
1157 567 1370 619 pauperie,
1401 577 1532 618 neque

217 647 346 687 damni
375 645 526 698 injuriae
552 645 616 696 agi
645 656 785 696 posse:
816 645 856 684 in
887 645 1030 685 factum
1052 646 1184 698 itaque
1215 648 1290 686 erit
1313 648 1532 700 agendum“

217 731 380 780 apparet
410 725 526 775 enim,
558 736 726 773 causam,
767 724 817 764 ob
849 737 964 776 quam
996 726 1189 765 actionem
1220 726 1270 766 de
1308 731 1422 779 pastu
1453 738 1534 766 non

215 808 256 847 in
287 819 336 847 eo
368 818 474 856 03511,
505 805 615 857 cujus
646 804 885 844 mentionem
910 805 1013 856 facit,
1044 806 1189 846 admitti
1212 819 1334 859 posse
1359 811 1534 857 censeat,

216 888 255 927 in
287 899 336 927 eo
367 887 513 935 inesse,
546 885 652 937 quod
676 886 871 937 pecudem
894 898 975 926 non
998 887 1038 925 in
1063 887 1230 927 alienum
1254 887 1430 937 fundum,
1462 887 1535 926 scd

216 969 256 1007 in
285 980 415 1007 meum
445 967 693 1016 immiserint,
726 948 821 1018 'quae
854 968 1108 1007 ratiocinatio·
1133 980 1180 1007 ea
1210 968 1535 1020 interpretatione

216 1049 350 1101 legum
381 1047 699 1087 decemviralium
729 1048 876 1098 nititur,
916 1060 968 1087 ex
999 1060 1075 1100 qua
1105 1049 1218 1098 actio,
1255 1048 1305 1088 de
1337 1060 1412 1100 qua
1442 1059 1535 1087 ser-

216 1139 281 1167 mo
314 1132 394 1177 est,
424 1138 505 1166 non
535 1127 609 1166 nisi
641 1128 797 1179 quando
831 1129 916 1180 quis
946 1128 1140 1181 pecudem
1170 1129 1210 1168 in
1241 1127 1403 1168 fundum
1435 1127 1536 1167 alte-

216 1208 299 1248 rius
330 1207 534 1247 immiserit
563 1207 710 1246 institui
739 1208 877 1260 possit.

335 1287 375 1329 Si
405 1299 528 1340 pecus
559 1288 599 1326 in
630 1288 798 1326 alienum
828 1287 990 1328 fundum
1020 1300 1100 1328 non
1124 1289 1338 1329 immissum
1362 1293 1434 1340 est,
1465 1288 1539 1329 sed

217 1374 384 1422 propter
414 1369 565 1420 culpam
595 1368 795 1420 cujusdam
826 1368 1052 1419 devenerit,
1099 1368 1290 1409 adversus
1320 1369 1426 1409 illum
1460 1381 1538 1409 ex-

217 1449 341 1501 periri
378 1437 470 1488 licet
508 1448 662 1487 actione
700 1448 802 1501 legis
836 1448 1005 1500 Aquiliae
1037 1462 1088 1489 ex
1117 1450 1140 1489 l.
1175 1447 1213 1490 6.
1247 1449 1344 1490 Cod.
1378 1450 1428 1490 de
1457 1450 1537 1503 leg.

219 1529 350 1581 Aquil.
384 1528 456 1579 „de
486 1528 568 1579 his,
601 1541 688 1581 quae
719 1541 793 1582 per
822 1529 1003 1582 injuriam
1034 1529 1195 1582 depasta
1226 1529 1455 1580 contendis,
1488 1542 1540 1569 ex
1601 1553 1608 1556 —

220 1609 415 1648 sententia
438 1608 540 1661 legis
556 1609 726 1661 Aquiliae
752 1621 875 1662 agere
899 1610 1056 1650 minime
1083 1610 1400 1663 prohiberis<⁴³÷y
1431 1610 1540 1649 Fue-

218 1694 321 1739 runt,
355 1690 421 1741 qui
443 1691 680 1742 putaverint,
713 1702 762 1730 eo
789 1691 828 1730 in
854 1703 960 1741 casu,
993 1703 1071 1743 quo
1095 1703 1219 1744 pecus
1236 1691 1401 1744 proprio
1419 1694 1540 1740 motu,

218 1769 361 1809 nullius
393 1769 506 1821 culpa
530 1771 833 1820 interveniente,
857 1771 1033 1810 'alienum
1060 1758 1221 1811 fundum
1245 1772 1428 1823 ingressa
1451 1769 1541 1810 fru-

219 1861 293 1902 ges
325 1849 487 1901 depasta
518 1851 579 1900 sit,
612 1850 802 1890 adversus
834 1850 1032 1890 dominum
1058 1851 1222 1903 pecudis
1250 1850 1396 1890 institui
1419 1861 1541 1902 posse

220 1929 415 1969 actionem
455 1930 505 1969 de
542 1935 657 1982 pastu
694 1931 909 1980 noxaliter,
949 1931 1001 1970 ita
1037 1935 1081 1970 ut
1112 1931 1224 1983 juxta
1263 1931 1457 1970 actionem
1491 1928 1564 1969 de·

220 2010 412 2062 pauperie
445 2011 639 2063 ejusmodi
668 2011 820 2050 noxalis
851 2011 951 2050 actio
984 2011 1143 2051 daretur
1169 2016 1335 2064 propter
1361 2010 1543 2051 damnum

221 2089 473 2142 depascendo
506 2103 586 2130 non
617 2096 754 2131 contra
783 2096 961 2130 naturam
993 2091 1168 2131 animalis
1192 2091 1413 2139 datumff).
1461 2088 1542 2129 Ta-

220 2169 296 2208 lem
326 2182 425 2209 vero
458 2171 650 2210 actionem
680 2172 863 2211 noxalem
895 2172 1055 2212 omnino
1095 2183 1176 2211 non
1209 2176 1388 2221 exstare,
1425 2170 1542 2209 lucu-

219 2249 434 2289 lentissime
464 2250 646 2303 probavit
676 2251 871 2291 Zimmern
896 2251 935 2293 t'n
963 2251 1119 2305 &ostem
1136 2251 1208 2304 ⁴ibet·
1224 2251 1342 2294 fflbm.
1391 2249 1543 2296 θὶῠῐαῐι

222 2330 351 2383 Hagen
384 2343 421 2383 p.
456 2328 697 2381 112-116,
728 2331 805 2371 hoc
834 2333 1011 2385 inprimis
1042 2343 1221 2383 monens,
1253 2332 1356 2372 illam
1382 2330 1540 2370 omnino

272 2445 308 2487 ⁵²⁴)
337 2443 438 2479 &xiid
466 2444 507 2478 10
534 2443 601 2479 53⁴0.
627 2445 648 2478 2
675 2444 773 2488 911111).
800 2457 830 2489 p.
857 2445 935 2480 277.

243 2507 300 2548 4³³)
326 2506 404 2539 vide
433 2504 534 2541 (blitcf
559 2518 589 2550 p.
616 2505 683 2540 282
711 2512 777 2540 not.
804 2505 859 2540 28.
1000 2548 1003 2551 Γ
1190 2516 1213 2522 ·
