1712 2861
803 112 864 161 19

175 249 322 289 tionem
353 260 433 289 non
463 248 609 288 intendi
639 252 770 300 potest
800 249 900 288 actio
926 248 1107 300 judicati,
1146 250 1236 301 quia
1266 260 1383 290 noxae
1415 251 1492 290 de-

174 330 286 370 ‹litio‘
311 342 362 370 ex
400 329 559 370 defectu
595 329 802 369 habilitatis
840 329 1040 380 solvendi,
1088 331 1155 382 qui
1185 331 1223 370 in
1255 332 1382 384 capite
1412 343 1491 372 no-

175 415 290 450 cente
319 410 434 460 inest‚
465 409 549 450 ssuit
577 414 692 462 atque
724 411 1012 450 consectarium
1043 415 1103 450 est
1126 411 1366 463 pecuniariae
1391 424 1491 452 con-

176 490 450 541 demnationis,
482 503 606 543 quare
633 492 732 531 actio
751 491 913 544 judicati
931 496 996 530 aut
1018 491 1067 531 ad
1093 491 1230 531 decem
1255 491 1491 533 obtinendos

176 575 243 610 aut
272 571 499 611 alternative
530 571 676 611 institui
706 576 858 624 potest,
901 583 981 612 non
1010 583 1109 612 vero
1141 572 1190 612 ad
1220 573 1344 612 solam
1374 584 1490 613 noxae

178 651 397 701 ‹lationem3
442 651 517 691 litis
555 652 758 692 aestimatio
797 653 900 692 enim
940 653 1138 706 objectum
1167 654 1374 693 sententiae
1404 654 1491 695 latae

176 733 341 785 proprie
371 737 458 772 erat
487 732 571 782 [his
601 733 695 772 solis
726 733 1032 782 condemnatur)
1073 745 1239 786 quacum
1269 745 1386 774 noxae
1418 735 1492 775 (la-

174 812 229 852 tio
255 813 582 865 conjungebatur,
612 817 654 852 ut
677 817 979 865 agnosceretur,
1009 813 1246 854 solutionem
1271 813 1348 854 hoc
1373 815 1490 855 modo

172 892 393 932 secundum
422 892 535 944 leges
564 893 746 945 praestari
776 894 970 946 posseffl.

289 972 404 1012 Circa
441 973 740 1013 resarcitionem
779 973 907 1013 damni
945 975 1207 1027 praestandam
1245 976 1298 1014 nil
1345 975 1492 1015 obser-

173 1053 344 1093 vandum
375 1053 470 1103 erit,
508 1053 583 1094 nisi
613 1053 709 1104 hoc,
748 1056 783 1095 si
810 1055 948 1095 liberae
979 1066 1165 1108 personae
1195 1055 1368 1096 nocitum
1399 1054 1492 1096 fue-

173 1133 245 1183 rit,
291 1145 370 1186 quo
408 1134 449 1173 in
488 1146 582 1174 casu
619 1134 683 1175 illa
723 1137 876 1176 actione
916 1136 981 1188 agi
1018 1147 1139 1189 posse
1170 1147 1251 1176 non
1282 1136 1492 1186 dubitatur,

176 1214 375 1266 impensas
405 1215 445 1253 in
476 1216 718 1256 curationem
748 1216 870 1256 factas
893 1216 1106 1256 solvendas
1138 1228 1228 1257 esse
1259 1217 1372 1256 simul
1404 1228 1491 1256 cum

172 1294 429 1335 aestimatione
461 1306 673 1348 operarum
704 1297 958 1347 emissarum,
1002 1308 1083 1336 non
1114 1308 1235 1347 vero,
1282 1308 1334 1336 ex
1363 1297 1492 1336 notis-

171 1375 271 1414 sima
300 1375 362 1414 illa
391 1375 553 1429 regula:
583 1377 750 1417 liberum
780 1388 926 1430 corpus
950 1377 1352 1437 aestimationemwnon
1382 1376 1492 1416 reci-

173 1455 250 1509 pit,
282 1455 542 1496 deformitatis
573 1458 766 1497 rationem
796 1458 1016 1499 habendam
1047 1439 1260 1507 esse³“‘'0‘).¹
1308 1457 1492 1497 Deditio-

172 1547 264 1575 nem
295 1535 529 1587 animalium,
562 1549 649 1590 quae
679 1539 912 1591 pauperiem
942 1538 1123 1588 fecerint,
1153 1549 1227 1578 reo
1260 1538 1308 1578 ad
1337 1538 1491 1578 libera-

173 1615 320 1656 tionem
350 1616 548 1671 proficere
572 1618 654 1671 jam
684 1618 798 1686 leges
822 1619 892 1659 XII
922 1619 1141 1658 tabularum
1172 1618 1491 1669 exhibentffl),

175 1710 255 1750 quo
293 1698 452 1738 nomine
491 1683 783 1738 observandum
815 1703 896 1748 est,
943 1698 1184 1738 deditionem
1214 1710 1332 1739 noxae
1362 1699 1492 1739 locum

171 1777 321 1818 habere
351 1789 431 1818 non
461 1790 583 1831 posse
614 1779 689 1819 nisi
720 1779 858 1818 animal
887 1779 940 1818 sit
968 1779 1175 1828 vimm-D.

284 1857 484 1898 Interdum
531 1864 661 1899 tamen
709 1858 911 1909 dominus,
958 1859 1100 1899 amissa
1146 1858 1329 1899 facultate
1374 1870 1492 1900 noxae

173 1938 312 1988 dandi,
342 1939 382 1978 in
413 1924 591 1979 solidum'
612 1940 817 1979 conveniri
847 1944 999 1993 potest,
1038 1943 1081 1978 ut
1117 1943 1231 1991 puta,
1262 1939 1297 1979 si
1334 1939 1374 1979 in
1399 1938 1492 1992 jure

171 2019 461 2072 interrogatus,
493 2031 541 2059 an
572 2031 643 2059 sua
674 2019 901 2072 quadrupes
933 2015 1060 2070 esses,
1091 2018 1366 2072 responderit,
1411 2030 1493 2059 non

215 2181 254 2223 ἔ)
279 2180 377 2214 Ratio
400 2181 501 2215 allata
521 2179 751 2223 objectionem
774 2190 815 2213 ex
835 2179 856 2212 l.
879 2178 911 2214 6.
938 2180 973 2221 §.
1000 2179 1031 2213 1.
1058 2179 1101 2213 de
1122 2191 1159 2213 re
1179 2179 1295 2223 judic:
1323 2179 1426 2222 (XLII
1441 2179 1490 2221 1.)

287 2242 473 2276 desumtam
495 2242 664 2275 refutandi
689 2243 838 2276 occurrit
856 2242 947 2287 apud
959 2241 1129 2276 Zimmern
1142 2239 1237 2286 (ἐφῇ.
1251 2253 1283 2286 p.
1297 2239 1490 2276 160—162.

193 2304 251 2345 **)
277 2304 300 2337 l.
325 2301 358 2337 3.
383 2304 459 2348 Dig.
486 2304 518 2337 h.
544 2309 565 2337 t.

169 2365 246 2407 m)
272 2365 324 2399 Pr.
350 2365 374 2399 1.
400 2365 433 2398 h.
463 2371 485 2398 t.

203 2427 247 2469 ἦ)
272 2427 294 2460 l.
321 2427 351 2461 1.
378 2428 413 2469 §.
440 2426 494 2461 14.
519 2426 595 2471 Dig.
621 2428 653 2460 h.
683 2433 705 2461 t.
