1712 2861
823 98 890 148 48

201 240 265 279 vel
303 240 335 278 si
375 237 462 290 quis
500 248 587 277 cum
627 242 803 277 armento
834 238 967 280 suario
1006 238 1045 279 in
1075 249 1214 277 nemus
1253 238 1420 278 alienum
1449 240 1513 278 in-

202 319 407 367 vaseritr)

317 399 378 438 Ex
418 397 545 450 capite
584 398 754 451 denique
786 395 847 438 6ῑο
882 398 936 449 is,
982 399 1049 451 qui
1087 398 1264 438 animalia
1306 410 1377 438 sua
1415 398 1516 451 paiis

203 480 356 533 alligata
402 479 441 518 in
480 483 633 531 pratum
671 479 735 518 vel
783 490 922 531 agrum
961 479 1128 518 alienum
1174 479 1363 531 pascendi
1401 490 1519 518 causa

203 560 388 609 immittit,
435 558 616 598 damnum
656 563 695 598 et
741 558 838 598 duas
879 571 969 598 oras
1008 560 1155 609 solvet,
1195 560 1259 599 vel
1292 559 1519 612 juramento

203 641 306 680 trino
337 639 598 690 negabit÷÷÷÷)‚
631 638 737 690 quod
769 638 927 690 quidem
957 644 1212 691 praeceptum,
1244 638 1281 677 ei
1310 639 1520 691 principio,

206 719 312 772 quod
344 730 464 771 supra
494 718 900 768 commemoravimus,
934 719 1229 769 convenienter,
1260 730 1340 758 non
1364 719 1440 758 nisi
1471 718 1521 758 de

206 812 255 840 eo
288 811 380 843 casu
411 797 706 851 intelligendum
737 809 826 838 esse
856 797 1026 848 videtur,
1060 810 1138 850 quo
1166 799 1252 850 quis
1279 798 1420 838 dolose
1443 810 1522 850 pe-

206 880 329 920 cudes
367 890 459 919 suas
497 878 537 918 in
576 879 742 918 alienum
782 878 944 918 fundum
983 879 1205 928 immiserit,
1252 884 1290 921 at
1320 879 1523 931 analogice

206 966 336 1000 tamen
367 960 406 998 in
437 970 547 1009 eum,
594 959 660 1010 qui
690 959 852 1016 culpose
883 959 960 998 hoc
998 958 1111 1009 fecit,
1157 959 1208 998 ita
1238 959 1524 1012 applicandum,

209 1045 250 1082 ut
282 1051 361 1079 non
390 1050 541 1095 poena,
573 1038 645 1079 sed
675 1039 760 1081 sola
791 1038 918 1078 damni
947 1039 1151 1079 resarcitio
1182 1038 1405 1094 praestanda
1434 1039 1495 1079 sit.

786 1134 819 1189 ὃ
877 1128 955 1178 18.

322 1221 616 1296 Praecepta
655 1226 794 1295 legis
836 1225 989 1285 Erici
1030 1223 1415 1296 Sjaellandicae.

384 1317 456 1363 De
501 1331 555 1362 eo
603 1331 739 1373 casu,
785 1330 870 1376 quo
918 1316 1085 1361 animal
1116 1316 1279 1361 homini
1313 1317 1387 1362 vel
1418 1315 1528 1363 ani-

211 1399 316 1444 mali
350 1398 512 1443 nocuit.

205 1522 208 1525 ·
259 1510 296 1552 1η)
326 1511 431 1554 Liqioe
473 1515 534 1541 hcc
572 1509 762 1553 haeqhnadae
795 1509 925 1553 scoyhae
963 1520 1141 1548 summam,
1189 1520 1229 1541 oc
1261 1520 1358 1541 saems
1384 1508 1468 1540 them
1491 1519 1530 1550 ey

330 1584 378 1604 aer
403 1571 532 1614 scoqhae
558 1571 664 1614 aeyke,
698 1576 734 1603 at
758 1571 843 1602 swin
873 1582 997 1614 yaenyae
1021 1582 1199 1610 sammaen,
1234 1581 1275 1613 ⁰9
1298 1570 1421 1602 wardae
1445 1570 1531 1601 swin

331 1635 439 1666 sidaen
462 1632 606 1672 incakin,
634 1632 692 1664 tha
717 1643 764 1663 ων
789 1632 868 1663 thoet
892 1643 1027 1664 sammae
1052 1633 1127 1676 loqh
1151 1643 1207 1664 um
1232 1632 1299 1664 thet
1324 1642 1447 1663 samma
1471 1631 1530 1663 in-

330 1707 409 1728 mtm
434 1707 481 1726 oer
503 1695 559 1736 for
583 1705 655 1725 war
678 1693 775 1736 sayht
798 1705 854 1725 um
877 1694 1003 1726 innam.
1029 1695 1087 1736 far
1106 1705 1184 1726 man
1203 1694 1277 1725 med
1294 1693 1404 1725 swina
1423 1691 1534 1724 wraeh

331 1758 346 1788 i
370 1768 497 1789 cmnars
521 1767 616 1788 mans
640 1756 654 1788 i
677 1755 865 1798 haeqlmacloe
895 1756 1026 1799 scoqlze,
1055 1755 1112 1787 tha
1136 1756 1183 1787 ’ων
1208 1755 1274 1787 thet
1298 1765 1432 1786 sammae
1457 1753 1533 1796 loqh

335 1829 410 1850 sum
439 1819 495 1859 [ὃν
529 1828 576 1848 oer
606 1816 752 1848 moellum
783 1816 849 1848 hcm
878 1818 952 1858 fore
982 1817 1020 1848 in
1052 1827 1179 1848 annars
1211 1827 1307 1848 mans
1339 1815 1432 1847 akaer
1457 1815 1533 1846 oei

332 1879 403 1911 saed
424 1879 520 1911 lmus.
573 1876 639 1910 cfr.
664 1877 767 1910 Andr.
793 1877 920 1910 Sunon.
944 1876 1016 1910 Lib.
1036 1877 1090 1910 XI.
1117 1875 1197 1920 Cap.
1222 1876 1274 1909 5.:
1299 1876 1412 1909 Alieni
1436 1876 1533 1918 porci

334 1942 438 1972 invito
473 1940 611 1972 domino
646 1939 689 1971 de
714 1948 854 1971 nemore
880 1949 949 1971 non
973 1943 1154 1982 pascantur
1179 1938 1312 1971 alienoz
1349 1936 1535 1970 Persvadet

334 2003 474 2045 aequitas
498 2001 659 2034 naturalis
684 2000 809 2035 nullius
834 2001 927 2033 inviti
951 2000 1043 2033 bona
1069 1999 1241 2033 deservire
1262 2000 1382 2032 alienis
1406 1998 1534 2031 usibus.

335 2062 431 2095 Unde
465 2073 530 2095 nec
564 2062 666 2095 alieni
697 2063 794 2106 porci
828 2061 956 2094 admitti
990 2062 1117 2095 debent
1157 2061 1200 2094 ad
1238 2066 1370 2105 pastum
1411 2069 1535 2092 nemo-

335 2125 380 2156 ris
414 2123 536 2164 alieni,
574 2126 665 2157 circa
689 2134 807 2156 nemus
842 2123 989 2156 alienum
1021 2123 1077 2156 vel
1110 2134 1227 2167 agrum
1263 2123 1421 2155 alienum.
1482 2119 1533 2153 Ob

335 2185 481 2217 eandem
508 2196 643 2217 causam
670 2186 770 2218 etiam
790 2187 875 2229 juris
902 2185 1022 2218 eadem
1047 2190 1222 2228 permanet
1244 2194 1400 2224 censura,
1426 2193 1536 2227 quan-

336 2253 405 2280 tum
431 2247 473 2280 ad
500 2247 840 2290 comprehensionem
862 2252 895 2279 et
913 2247 1194 2290 redemptionem,
1219 2251 1380 2290 qnantum
1406 2244 1449 2277 ad
1470 2255 1536 2277 nu-

337 2319 465 2342 merum
491 2309 687 2342 animalium
720 2313 753 2341 et
783 2318 985 2352 porcorum,
1026 2313 1185 2352 quantum
1219 2308 1263 2341 ad
1295 2308 1471 2341 scientiam
1504 2310 1537 2338 et

339 2373 565 2414 ignorantiam
592 2370 814 2403 dominorum.

248 2431 305 2475 Μ’)
339 2432 497 2464 Tuilhrar
520 2444 598 2466 man
620 2433 634 2464 i
659 2444 731 2476 aeny
756 2432 861 2464 aellaer
885 2432 965 2464 altre
989 2442 1117 2463 annars
1142 2443 1259 2471 mam,
1286 2430 1358 2464 bine
1382 2428 1472 2473 spittl
1497 2439 1537 2462 oo

340 2500 407 2526 twa
432 2497 500 2533 iii-e,
528 2493 635 2526 aellcet·
660 2494 730 2539 dyli
753 2505 804 2526 mr,
830 2493 962 2527 thricliae
986 2503 1082 2527 manz
1107 2492 1168 2526 eth.
