1712 2861
0 299 7 396 .-—-

788 118 848 166 (31

165 258 302 312 Ηηεῖὶο,
341 259 391 299 ‘ea
423 257 493 310 Ῐῐαῐ
525 255 780 297 (Eiermanbcn
811 255 908 297 habe
939 258 994 296 tre
1024 252 1101 296 801>
1135 253 1260 302 &vitu
1293 265 1341 307 ng
1375 253 1480 307 giare

164 339 242 391 „sm
275 338 376 387 (Se-b,
409 339 450 379 nt
480 337 555 390 ban
587 336 618 377 ci
650 336 782 388 bibite,
819 338 859 377 at
889 335 952 377 bet
982 335 1065 385 goee
1097 334 1218 388 barbe
1248 336 1320 376 ‘oen
1351 334 1479 377 Qum.

163 419 276 470 „5an
316 417 406 471 ficet·
443 417 507 458 bet
545 420 669 458 auten
714 415 854 470 (Sjcmg,
893 416 1017 457 imenss
1057 415 1133 468 ban
1172 415 1290 468 [yut-»cr
1320 417 1482 469 [nabunt
1526 440 1533 444 -

163 499 273 549 Ηῧαεε
304 498 316 540 ι’
346 497 398 550 sm
429 496 565 546 -Doenb‘
596 499 646 538 bu
679 498 808 550 atione
839 497 902 538 bet
932 495 1004 550 90ss
1035 497 1108 537 ben
1135 496 1311 547 Qlfbnbess
1339 497 1480 539 atrium

162 590 254 632 „ger
285 580 378 631 efter
407 577 459 635 sm
491 577 694 627 gormued‘

276 659 349 699 Rei
378 664 516 698 natura
546 659 638 709 fert,
668 663 711 698 ut
742 658 791 698 de
820 670 953 711 poena
984 659 1143 699 domino
1176 659 1349 697 animalis
1373 658 1481 698 inssi-

162 739 293 792 genda
323 751 456 780 sermo
489 751 578 779 esse
609 744 781 791 nequeat
811 750 860 779 eo
891 740 930 778 in
962 751 1076 789 casu,
1117 751 1196 791 quo
1238 739 1323 791 ejus
1355 740 1480 792 culpa,

162 821 229 872 qui
260 825 426 860 mortem
457 821 565 870 obiit,
597 819 740 859 factum
769 820 830 868 sit,
867 824 909 858 ut
940 819 1080 859 animal
1112 820 1240 872 ipsum
1272 820 1480 868 occiderit3

161 900 272 952 cujus
300 901 361 939 rei
391 905 664 953 argumentum
703 885 818 939 etiam
856 900 1008 951 praebet
1044 905 1126 939 tum
1164 900 1250 952 ipsc
1282 900 1479 950 articulus,

161 981 360 1031 cavendo,
400 986 442 1020 ut
472 981 652 1020 dominus
684 980 858 1020 animalis
884 980 1145 1032 jurejurando
1177 979 1373 1020 affirmare
1406 981 1482 1020 de·-

160 1061 271 1111 beat,
310 1062 404 1101 nihil
442 1061 516 1101 sibi
557 1060 606 1100 de
641 1061 798 1113 petulca
828 1061 939 1100 istius
969 1061 1204 1100 immanitate
1236 1066 1349 1100 antea
1380 1072 1482 1100 con-

161 1142 327 1192 stitisse,
368 1154 456 1194 quae
496 1142 644 1181 sanctio
677 1154 724 1181 ca
754 1143 1027 1194 suppositione
1058 1142 1126 1181 niti
1155 1141 1332 1192 videtur,
1374 1141 1482 1194 quod

163 1223 266 1262 nulla
305 1224 405 1262 actio
448 1223 639 1263 adversus
685 1222 883 1262 dominum
929 1223 1104 1262 animalis
1152 1223 1297 1262 institui
1343 1223 1481 1275 possit,

160 1304 236 1343 nisi
265 1304 372 1343 nullo
392 1303 507 1344 {acto
539 1304 587 1343 ab
618 1304 704 1356 ejus
733 1304 970 1356 partesqui
1001 1304 1156 1343 occisus
1189 1308 1268 1354 est,
1300 1314 1482 1342 commo-

160 1388 241 1423 tum
280 1384 420 1424 animal
459 1389 626 1424 mortem
666 1384 703 1424 ei
740 1384 932 1432 intulerit;
980 1389 1060 1423 tum
1108 1384 1290 1437 analogia
1330 1383 1484 1423 articuli

163 1465 444 1516 antecedentis,
477 1466 543 1517 qui
567 1466 854 1518 praestationcs,
887 1476 983 1517 quas
1007 1465 1075 1504 ubi
1097 1464 1217 1504 homo
1250 1465 1297 1504 ab
1331 1464 1482 1504 animali

163 1545 333 1597 quodam
362 1547 590 1586 vulneratus
622 1551 682 1586 est
711 1528 953 1599 praescribit,
999 1545 1129 1585 locum
1165 1557 1245 1585 non
1283 1545 1483 1584 habituras

163 1637 255 1665 esse
285 1631 488 1677 monstrat,
519 1627 553 1666 si
582 1627 683 1666 illius
713 1627 1000 1666 interveniente
1032 1627 1145 1679 culpa
1176 1626 1359 1665 effectum
1390 1625 1483 1664 sue-

163 1706 214 1746 rit
250 1711 293 1746 ut
330 1707 377 1747 ab
417 1707 570 1747 animali
607 1707 896 1747 vulneraretur.
958 1708 1144 1761 Sequitur
1182 1719 1307 1760 porro
1342 1719 1393 1745 ex
1423 1706 1484 1745 rei

162 1791 321 1837 natura,
359 1792 402 1827 ut
440 1799 528 1840 quae
562 1788 613 1827 ita
643 1788 849 1828 statuenda
879 1800 1087 1827 censemus
1118 1800 1198 1827 non
1228 1787 1348 1827 modo
1380 1788 1484 1826 circa

162 1868 273 1920 prius
313 1869 462 1911 articuli
498 1869 717 1909 membrum
755 1869 928 1918 valeant,
968 1881 1107 1908 verum
1139 1869 1252 1909 ctiam
1283 1860 1483 1921 posterius

163 1947 348 1999 afficiant,
380 1949 526 2001 quippe
553 1961 671 2000 quum
695 1950 808 1999 ratio,
840 1961 910 1988 cur
935 1949 1128 1999 dominus,
1159 1951 1192 1989 si
1209 1950 1361 2005 animal,
1392 1950 1484 1989 dum

163 2029 202 2068 in
234 2029 320 2082 ejus
349 2030 606 2082 possessione
638 2034 718 2080 est,
757 2029 930 2070 secunda
959 2031 1046 2070 vice
1078 2031 1249 2083 aliquem
1281 2030 1484 2081 occiderit,

163 2110 389 2150 haeredibus
428 2110 544 2163 hujus
582 2111 876 2163 praestationem
915 2112 1183 2164 praescriptam
1218 2111 1377 2152 solvere
1409 2111 1484 2150 ab-

164 2190 292 2230 solute
321 2195 514 2242 teneatur,
546 2192 674 2244 posita
704 2192 753 2231 sit
781 2192 821 2231 in
852 2176 910 2231 eo*
934 2191 1041 2244 quod
1071 2196 1149 2231 tum
1181 2192 1363 2232 dominus
1394 2193 1483 2231 ani·-

165 2271 240 2310 mal
269 2272 465 2324 petulcum
497 2284 587 2311 esse
618 2273 807 2325 ignorare
838 2285 918 2312 non
943 2273 1136 2326 potuerit3
1166 2273 1274 2312 unde
1299 2272 1379 2312 ssuit
1403 2277 1484 2312 tum

150 2344 219 2401 ut,
250 2352 283 2391 si
314 2352 452 2392 animal
482 2353 607 2405 prima
636 2353 724 2393 vice
755 2353 922 2405 aliquem
954 2353 1156 2404 occiderit,
1188 2354 1254 2406 qui
1279 2354 1389 2406 culpa
1412 2365 1483 2393 sua

164 2431 255 2472 huic
292 2433 354 2472 rei
393 2434 644 2474 occasionem
683 2433 857 2483 dederit,
897 2433 1100 2485 dominus,
1139 2435 1172 2474 si
1203 2435 1303 2474 illud
1340 2434 1483 2474 deinde

167 2512 280 2553 alium
319 2514 583 2564 interemerit,
633 2515 745 2567 culpa
782 2514 901 2567 hujus
938 2526 1019 2555 non
1056 2515 1364 2563 interveniente,
1404 2526 1483 2554 non
