1712 2861
777 119 840 169 12

152 257 276 297 verba
305 256 390 297 haec
419 259 528 296 sunt:
569 259 631 308 „et
660 256 901 309 generaliter
930 255 1016 297 haec
1045 256 1145 297 actio
1175 256 1305 297 locum
1334 256 1465 310 habet,

153 337 335 390 quotiens
385 341 521 376 contra
559 340 736 376 naturam
775 336 861 377 fera
899 341 1003 377 mota
1042 337 1276 390 pauperiem
1315 337 1466 388 dedit;“

151 416 223 457 cfr.
263 416 326 456 Pr.
358 416 386 456 Ι.
426 417 459 456 si
499 416 658 469 quadr.:
713 417 831 469 „Haec
868 402 998 457 autem
1036 418 1136 458 actio
1175 418 1215 458 in
1262 418 1333 469 iis,
1379 430 1467 471 quae

151 501 289 537 contra
319 501 496 536 naturam
525 502 747 548 moventur,
781 498 913 538 locum
942 497 1096 538 hahet.“
1157 498 1274 546 Quod
1303 499 1366 539 illa
1396 510 1467 538 ac-

149 576 205 617 tio
235 588 315 616 non
346 577 478 627 datur,
519 579 598 623 ,nisi
629 578 768 618 animal
807 582 944 618 contra
974 583 1151 618 naturam
1181 579 1383 630 nocuerit,
1429 579 1468 619 ei

149 668 234 696 rem
265 657 468 709 spectandi
496 658 661 707 rationi,
693 670 808 709 quam
837 658 952 710 leges
981 657 1179 698 Romanas
1208 659 1249 699 in
1277 658 1352 698 hac
1379 671 1468 699 ma·-

150 738 250 778 teria
280 736 498 778 ordinanda
528 737 778 790 adoptavisse
809 749 930 791 supra
960 738 1163 778 statuimus
1193 742 1244 788 (§
1274 736 1340 789 2),
1377 749 1469 778 om-

149 818 244 858 nino
275 818 470 858 convenit.
531 817 679 859 Servus
708 818 889 858 nimirum
919 829 999 858 non
1029 818 1106 858 nisi
1136 815 1187 859 de
1211 817 1351 859 talibus
1374 817 1469 859 Tac-

149 900 198 939 tis
237 900 360 953 ipsius
398 902 576 948 tenetur,
623 910 711 950 quae
751 899 837 951 ejus
875 903 1024 939 naturae
1055 899 1151 950 sint,
1197 904 1259 950 ut,
1305 899 1338 940 si
1367 899 1469 939 liber

150 979 311 1030 suisset,
351 980 401 1020 de
431 980 479 1019 iis
510 979 714 1019 conveniri
744 979 1020 1032 potuisset÷)‚
1068 991 1193 1032 quare
1224 979 1275 1020 de
1303 979 1468 1019 laesione

149 1061 294 1100 casuali
332 1072 412 1100 non
454 1061 580 1114 magis
623 1072 739 1112 quam
768 1060 871 1099 liber
900 1059 1020 1100 homo
1050 1064 1228 1109 tenetur3
1273 1060 1307 1100 si
1338 1064 1468 1099 autem

150 1141 251 1180 actio
292 1140 450 1181 noxalis
488 1145 655 1194 propter
694 1140 874 1180 damnum
923 1141 1078 1181 casuale
1117 1152 1140 1180 a
1178 1151 1298 1181 servo
1338 1140 1469 1181 datum

150 1221 297 1261 admitti
335 1223 492 1274 nequit,
536 1232 706 1262 necesse
746 1225 806 1260 est
845 1220 971 1260 simile
1011 1220 1105 1273 quid
1151 1221 1192 1261 in
1240 1220 1469 1261 animalibus

195 1415 232 1457 ἃ)
258 1415 332 1447 Hoc
364 1415 473 1458 magis
505 1424 546 1446 ex
578 1417 760 1456 systemate
794 1413 965 1446 actionum
996 1413 1169 1446 noxalium
1201 1414 1236 1446 in
1262 1414 1468 1455 universum,

266 1487 365 1520 quam
399 1487 440 1509 ex
474 1475 605 1508 disertis
638 1474 752 1507 verbis
776 1474 892 1518 legum
925 1485 1110 1518 apparere,
1146 1479 1263 1508 monet
1285 1474 1469 1517 Zimmern,

265 1536 302 1573 ίη
327 1536 459 1582 &bitem
486 1539 542 1571 etc.
568 1548 600 1580 p.
627 1535 705 1569 141.
732 1555 775 1559 —
810 1536 1003 1580 Singularia
1026 1542 1197 1580 praecepta
1220 1539 1367 1580 positiva
1392 1547 1468 1569 cum

264 1600 323 1633 illo
354 1605 468 1632 tamen
499 1600 677 1632 nominare
712 1598 830 1631 licebit
862 1598 884 1631 l.
909 1597 942 1631 2.
978 1599 1013 1639 §.
1041 1598 1072 1631 1.
1104 1598 1145 1631 D.
1183 1599 1227 1631 de
1251 1599 1365 1632 noxal.
1403 1604 1467 1632 act.

265 1662 347 1704 (IX,
373 1660 413 1703 4)
452 1667 553 1704 atque
585 1660 608 1693 l.
633 1657 689 1693 31.
724 1659 823 1702 eod.,
857 1660 952 1702 cujus
977 1661 1128 1703 inprimis
1154 1660 1369 1694 observanda
1393 1666 1471 1694 sunt

263 1723 387 1756 verba:
426 1721 547 1764 „Quod
580 1722 625 1754 ait
656 1720 802 1763 Praetor,
839 1732 916 1754 cum
949 1721 1078 1755 familia
1108 1722 1232 1765 furtum
1264 1723 1388 1765 faciat,
1425 1722 1470 1755 ad

264 1796 343 1817 eum
367 1783 506 1817 modum
530 1794 568 1816 se
594 1774 767 1816 actionem
793 1783 967 1825 daturum,
1003 1789 1039 1816 ut
1069 1789 1198 1817 tantum
1222 1789 1319 1818 actor
1343 1795 1470 1818 conse-

265 1852 405 1891 quatur,
431 1851 612 1890 quantum,
636 1846 665 1877 si
690 1844 778 1877 liber
801 1844 961 1886 fecisset,
987 1851 1271 1890 consequeretur:
1299 1846 1362 1869 —“
1386 1846 1410 1879 l.
1434 1844 1467 1879 9.

263 1909 304 1942 D.
331 1908 374 1941 dc
394 1907 516 1950 jurisd.
542 1906 598 1949 (11.
627 1906 676 1948 1.)
715 1907 761 1947 „si
786 1906 915 1939 familia
948 1906 1091 1950 alicujus
1125 1907 1238 1940 album
1264 1908 1467 1951 carruperit:

263 1981 333 2003 non
358 1969 510 2002 similiter
534 1968 590 2002 hic
617 1968 772 2010 edicitur,
798 1973 833 2000 ut
857 1969 892 2001 in
917 1968 1027 2011 furto,
1065 1979 1109 2002 ne
1140 1971 1175 2002 in
1199 1969 1351 2013 reliquos
1379 1970 1468 2002 actio

264 2032 373 2072 detur,
398 2033 426 2064 si
450 2035 579 2063 tantum
605 2030 781 2073 dominus,
812 2041 889 2063 cum
915 2030 1102 2064 defendere
1126 2031 1253 2074 voluit,
1278 2032 1378 2064 unius
1402 2041 1469 2064 no-

263 2096 353 2127 minc
378 2094 578 2136 praestiterit,
604 2097 764 2136 quantum
788 2092 876 2126 liber
899 2098 1090 2136 praestaret:
1113 2093 1177 2116 —“
1201 2093 1223 2126 1.
1251 2093 1281 2126 1.
1308 2094 1342 2134 §.
1367 2090 1400 2126 3.
1426 2092 1467 2126 D.

263 2158 291 2189 si
323 2154 426 2189 famil.
459 2153 535 2186 furt.
571 2153 713 2195 (XLVII.
739 2152 791 2196 6.)
853 2153 956 2196 „Cum
986 2153 1099 2198 plures
1124 2155 1215 2188 servi
1241 2154 1394 2197 ejusdem
1418 2155 1468 2187 rei

262 2219 385 2252 furtum
417 2215 547 2248 faciunt
579 2221 612 2248 et
643 2216 742 2248 unius
774 2218 912 2249 nomine
946 2227 1023 2249 cum
1049 2216 1188 2249 domino
1213 2216 1254 2249 lis
1280 2221 1469 2249 contestata

262 2279 321 2310 sit:
347 2278 477 2310 tamdiu
500 2277 643 2311 aliorum
668 2280 806 2311 nomine
833 2279 922 2311 actio
947 2279 1104 2312 sustineri
1130 2278 1281 2320 debebit,
1307 2278 1469 2322 quamdiu

263 2342 377 2382 priore
397 2340 531 2382 judicio
563 2345 676 2383 potest
701 2346 794 2373 actor
820 2342 1005 2384 consequi,
1047 2346 1207 2384 quantum
1234 2350 1468 2384 consequere-

263 2407 335 2443 tur,
373 2404 400 2434 si
426 2402 513 2435 liber
538 2401 572 2434 id
597 2403 719 2435 furtum
744 2403 912 2436 fecisset.“
960 2402 1012 2435 Pr.
1039 2402 1059 2434 l.
1085 2400 1117 2436 3.
1144 2403 1222 2436 eod.
1283 2401 1467 2445 „Quotiens

262 2469 389 2496 tantum
415 2469 548 2507 praestat
573 2465 749 2506 dominus,
783 2470 943 2509 quantum
967 2455 1192 2508 praestaretur,
1217 2465 1246 2498 si
1271 2475 1357 2498 unus
1382 2464 1467 2497 liber

264 2526 419 2560 fecisset:
448 2531 558 2560 cessat
583 2532 772 2561 ceterorum
799 2528 935 2560 nominc
961 2528 1060 2560 actio.
1089 2527 1150 2551 —·“
