1712 2861
847 114 913 165 34

226 253 275 293 ad
321 251 587 293 exhibendum
631 252 855 303 teneberis,
903 252 1231 305 quemadmodum
1269 251 1303 293 si
1339 254 1541 294 materiam

225 345 352 373 meam
382 332 548 373 delatam
577 331 618 372 in
648 344 787 385 agrum
816 344 929 373 suum
960 335 1046 386 quis
1077 333 1238 374 auferre
1268 345 1349 373 non
1378 339 1540 387 patere-

225 418 301 453 tur.
360 412 410 453 Et
437 413 564 466 placet
587 414 702 455 nobis
734 413 940 467 Pomponii
965 419 1170 465 sententla,
1200 415 1286 455 sive
1318 414 1432 468 glans
1466 427 1542 455 ex-

226 497 302 533 stet
331 493 416 534 sive
446 498 648 534 consumta
678 494 762 534 sit.“

806 602 839 656 §
885 599 962 645 11.

737 700 1030 747 Continuatz‘o.

341 812 403 853 Ex
431 818 633 866 praecepto
664 825 784 866 supra
814 813 927 854 allato
956 813 981 853 l.
1016 811 1054 854 6.
1080 812 1179 854 Cod.
1213 813 1263 853 de
1293 813 1374 866 leg.
1397 812 1543 866 Aquil.,

228 892 337 945 quod
376 893 506 933 omnia
543 905 617 946 per
646 894 828 947 injuriam
859 894 1047 947 depasta,
1081 894 1165 934 sive
1212 893 1253 933 in
1292 893 1416 934 fundo
1455 905 1544 944 suo,

227 973 312 1013 sive
343 974 493 1024 alieno,
525 979 695 1027 spectat,
725 973 898 1014 nascitur
929 974 1114 1026 quaestio,
1147 985 1216 1024 an,
1252 985 1340 1013 cum
1370 986 1422 1014 ex
1450 974 1544 1026 lege

226 1053 383 1105 Aquilia
411 1053 603 1094 adversus
633 1065 723 1093 eum
753 1054 897 1094 utiliter
927 1055 992 1107 agi
1021 1055 1214 1107 potuerit,
1255 1054 1321 1106 qui
1350 1053 1546 1107 pecudem

226 1133 267 1172 in
297 1132 461 1172 fundum
492 1133 660 1173 alienum
688 1133 934 1184 immisisset,
969 1134 1069 1174 aetio
1100 1134 1151 1174 de
1179 1139 1295 1186 pastu
1324 1134 1439 1174 simul
1467 1134 1546 1173 vim

227 1226 337 1254 suam
366 1214 586 1264 retinuerit,
617 1213 667 1253 ad
698 1225 813 1265 quam
837 1214 1093 1266 quaestionem
1117 1213 1346 1254 affirmando
1369 1224 1546 1266 respon-

228 1293 400 1335 (lendum
431 1304 521 1333 esse
552 1293 770 1346 opinamur.
1291 1346 1293 1348 -

343 1374 494 1414 Dicitur
525 1372 681 1425 quidem
711 1374 751 1412 in
780 1373 805 1412 l.
839 1372 876 1412 1.
907 1374 971 1414 Pr.
1003 1374 1050 1413 D.
1083 1373 1144 1413 ad.
1183 1373 1263 1426 leg.
1293 1372 1423 1426 Aquil.
1457 1371 1546 1421 (IX.

229 1451 280 1503 2)
314 1454 421 1505 „Lex
436 1453 592 1506 Aquilia
624 1452 805 1494 omnibus
834 1453 1004 1506 legibus,
1037 1465 1124 1505 quae
1155 1458 1245 1493 ante
1275 1464 1320 1493 se
1351 1452 1402 1493 de
1433 1452 1547 1492 dam-

228 1545 281 1574 no
311 1534 453 1587 injuria
479 1534 621 1574 locutae
652 1537 762 1583 sunt,
794 1533 1024 1586 derogavit,
1055 1533 1139 1573 sive
1171 1532 1381 1573 duodecim
1411 1532 1547 1573 Tabu-

173 1662 176 1663 ⁷
227 1615 297 1666 lis,
335 1615 421 1654 sive
452 1614 525 1654 alia
556 1625 643 1666 quae
674 1613 764 1654 fuit:
806 1625 902 1666 quas
941 1614 1103 1666 (leges)
1140 1625 1246 1654 nunc
1279 1611 1438 1653 referre
1466 1623 1549 1652 non

230 1700 291 1736 est
317 1695 510 1735 necesse“
540 1693 646 1735 unde
676 1694 805 1747 primo
836 1699 996 1747 aspectu
1027 1693 1205 1735 concludi
1234 1704 1356 1746 posse
1382 1692 1549 1732 videre-

228 1780 314 1826 tur,
353 1775 544 1816 actionem
575 1774 626 1814 de
655 1779 770 1827 pastu
807 1774 996 1815 sublatam
1035 1761 1145 1822 esse}
1185 1778 1223 1813 at
1259 1772 1293 1814 si
1324 1763 1548 1823 attenditur,

230 1855 424 1896 actionem
454 1855 643 1896 directam
682 1866 733 1894 ex
769 1854 862 1907 lege
891 1854 1047 1907 Aquilia
1075 1866 1157 1895 non
1185 1854 1317 1895 locum
1346 1853 1549 1903 habuisse,

229 1937 304 1976 nisi
335 1936 492 1988 quando
523 1946 696 1988 corpore
727 1935 888 1988 corpori
917 1935 1099 1976 damnum
1129 1935 1258 1975 datum
1283 1938 1403 1984 esset,
1434 1932 1548 1985 quale

231 2016 413 2057 damnum
443 2016 543 2056 actio
575 2016 624 2056 de
654 2020 768 2068 pastu
797 2026 878 2055 non
901 2015 1228 2068 persequebatur,
1260 2014 1438 2055 dubitare
1465 2024 1546 2054 non

229 2097 382 2148 licebit,
418 2096 519 2136 hanc
556 2097 750 2138 actionem
783 2097 896 2150 juxta
933 2096 1127 2136 actionem
1157 2094 1344 2135 directam
1375 2106 1426 2133 ex
1454 2093 1548 2146 lege

230 2177 386 2229 Aquilia
415 2177 605 2231 viguisse,
636 2188 758 2230 quare
788 2177 823 2217 si
854 2177 1044 2230 abrogata
1070 2188 1159 2217 esse
1186 2175 1341 2215 censeri
1366 2174 1548 2224 deberet,

230 2258 317 2297 talis
356 2257 562 2311 abrogatio
600 2269 681 2298 non
719 2257 794 2297 nisi
827 2269 902 2310 per
932 2269 1019 2298 eam
1050 2256 1325 2297 extensionem
1354 2254 1441 2295 fieri
1469 2265 1549 2307 po-

232 2337 392 2388 tuisset,
432 2351 484 2378 ex
524 2351 599 2391 qua
629 2339 786 2380 inducta
826 2342 886 2377 est
923 2337 1026 2378 utilis
1066 2338 1165 2377 actio
1208 2349 1260 2377 ex
1292 2336 1384 2388 lege
1414 2335 1547 2382 citata3

232 2429 314 2457 non
351 2430 450 2458 vero
490 2424 550 2459 est
589 2431 659 2460 cur
697 2419 919 2460 extensioni
966 2418 1019 2459 illi
1057 2417 1157 2457 hanc
1193 2417 1272 2457 vim
1317 2416 1546 2464 tribuamus,

234 2510 349 2551 quam
387 2499 425 2539 ei
463 2500 688 2553 assignandi
726 2501 824 2541 ratio
864 2499 1066 2553 speciatim
1104 2510 1184 2539 non
1221 2498 1324 2538 inest
1361 2497 1400 2536 in
1434 2495 1458 2536 l.
1492 2492 1547 2535 14
