1712 2861
827 114 855 162 7

185 253 483 294 alimentationis
514 252 862 293 conservationem
887 252 948 292 sui
973 251 1120 292 homini
1139 252 1246 306 justo
1273 251 1398 306 magis
1423 252 1504 294 dif-

185 335 346 386 ficilem,
387 347 504 387 quam
529 334 610 388 jam
642 338 788 392 exstat,
835 333 1045 383 redderet,
1086 345 1218 386 neque
1258 345 1337 387 quo
1377 346 1504 387 usque

185 415 345 456 extendi
369 415 547 465 deberet,
579 416 761 455 constitui
785 419 934 468 posset,
966 426 1089 467 quare
1120 426 1200 454 non
1230 415 1305 454 nisi
1336 416 1375 454 in
1400 415 1506 454 casi-

183 496 258 536 bus
289 497 466 549 exceptis
497 495 582 536 fieri
613 500 764 549 potest,
804 500 846 535 ut
877 495 963 548 quis
994 500 1106 535 extra
1136 495 1370 536 relationem
1402 496 1506 536 obli-

181 570 376 630 gatoriam
414 582 594 617 teneatur
632 581 798 630 propter
837 588 884 616 ea
923 588 1004 617 non
1040 576 1163 627 facta,
1203 588 1300 629 quaa¹
1323 576 1506 617 damnum

183 657 296 698 alicui
335 658 483 698 ferant.
576 658 691 698 Tales
736 658 995 710 exceptiones
1040 657 1282 698 admiserunt
1326 657 1506 708 Romani,

184 737 342 791 quando
381 739 602 779 securitatis
641 750 759 778 causa
805 739 896 788 (bess
938 738 1088 780 &aba
1135 739 1211 780 unb
1251 738 1504 791 Drtfrt'ebenss

184 817 330 868 minen)
372 819 532 859 omnino
571 819 808 859 necessariae
848 823 982 869 erant,
1025 819 1167 871 quibus
1207 819 1506 872 exceptionibus

182 900 430 940 accensenda
469 903 529 939 est
567 899 755 952 obligatio
796 899 947 950 damni,
994 900 1100 952 quod
1139 911 1213 953 per
1251 911 1318 939 res
1349 905 1506 940 nostras

182 979 315 1020 datum
346 984 427 1031 est,
465 980 721 1020 resarciendi.
783 979 921 1021 Statuit
951 980 1118 1030 deinde,
1157 980 1358 1021 Romanos
1387 982 1428 1021 in
1459 995 1507 1022 ea

182 1073 230 1102 re
262 1061 480 1102 ordinanda
509 1061 586 1101 hoc
614 1062 866 1114 respexisse,
907 1062 1016 1115 quod
1055 1075 1076 1102 a
1117 1062 1258 1115 quovis
1297 1074 1425 1115 usque
1457 1062 1507 1103 ad

182 1146 334 1204 certum
364 1142 530 1195 gradum
559 1143 752 1196 postulari
781 1143 928 1196 possit,
969 1147 1011 1182 ut
1040 1154 1107 1183 res
1138 1154 1228 1182 suas
1259 1143 1309 1182 ita
1341 1143 1507 1196 inspici-

183 1227 235 1274 at,
265 1227 309 1263 ut
338 1235 391 1263 ex
420 1223 468 1263 iis
498 1223 717 1276 periculum
755 1223 820 1263 vel
860 1223 1041 1263 damnum
1073 1223 1160 1263 aliis
1190 1234 1271 1263 non
1302 1228 1484 1263 nascatur
1494 1237 1506 1272 3

183 1316 277 1345 num
306 1316 406 1345 vero
437 1304 515 1344 hoc
545 1304 678 1344 debito
710 1304 830 1344 modo
861 1303 1023 1355 fecerit,
1068 1305 1107 1344 in
1146 1304 1312 1357 singulis
1351 1304 1506 1345 casibus

183 1385 349 1439 disquiri
378 1396 459 1425 non
488 1385 628 1439 potuit,
661 1397 783 1438 qnare
815 1385 941 1438 magis
973 1367 1182 1425 arbitrario
1209 1397 1276 1425 res
1301 1386 1506 1438 generali-

182 1472 246 1507 ter
277 1466 550 1518 dirimeretur,
588 1478 757 1506 necesse
789 1471 894 1517 erat,
935 1466 1078 1506 eodem
1117 1466 1259 1517 modo,
1291 1478 1370 1518 quo
1402 1467 1508 1506 circa

183 1547 378 1588 actionem
417 1547 467 1587 de
507 1546 643 1587 essusis
684 1551 724 1587 et
753 1547 940 1600 dejectis,
982 1558 1070 1600 quae
1102 1551 1239 1586 contra
1267 1546 1507 1587 inhabitato-

181 1639 269 1668 rem
300 1627 434 1679 datur,
473 1628 626 1668 tametsi
664 1628 728 1668 hic
764 1640 846 1668 non
877 1628 1061 1669 effuderit
1090 1628 1154 1668 vel
1184 1627 1387 1681 dejecerit.
1447 1627 1508 1667 Ex

185 1709 328 1761 quibus
368 1709 550 1749 omnibus
589 1708 748 1749 deducit
785 1698 934 1760 Hasse,
979 1709 1131 1762 culpam
1171 1708 1387 1761 quandam,
1426 1720 1508 1748 non

184 1789 299 1830 aliter
329 1802 445 1842 quam
475 1790 516 1829 in
541 1789 652 1842 quasi
677 1790 842 1840 delictis,
873 1795 1057 1842 tanquam
1081 1789 1388 1830 remotissimum
1413 1788 1507 1830 fon-

182 1874 262 1911 tem
279 1883 415 1911 earum
431 1871 640 1922 actionum,
671 1871 721 1912 de
747 1872 888 1924 quibus
909 1871 1121 1923 loquimur,
1151 1871 1377 1924 ponendam
1394 1883 1508 1921 esse;

182 1956 425 2006 praeceptum
455 1964 570 2002 vero,
600 1952 640 1992 vi
671 1952 780 2005 cujus
813 1952 994 1992 dominus
1025 1962 1100 2004 per
1130 1951 1371 1992 deditionem
1401 1953 1508 1992 servi

183 2033 248 2073 vel
278 2033 467 2083 animalis,
499 2045 522 2072 a
553 2044 632 2085 quo
663 2033 849 2083 nocitum,
879 2032 1041 2072 liberari
1071 2032 1209 2085 possit,
1241 2044 1331 2072 esse
1362 2033 1508 2073 mode-

182 2113 378 2154 rationem
408 2114 503 2154 satis
537 2114 767 2155 naturalem.

302 2196 390 2244 Quo
429 2195 558 2235 minus
597 2200 728 2235 tamen
757 2195 912 2235 theoria
943 2196 990 2235 ab
1022 2195 1148 2235 Hasse
1180 2195 1360 2248 exposita
1392 2207 1506 2236 com-

183 2275 397 2330 probetur,
437 2276 651 2330 prohibent
688 2276 875 2330 plurima,
916 2276 1094 2316 desumta
1133 2288 1184 2316 ex
1215 2276 1427 2329 praeceptis
1458 2277 1507 2317 do

161 2343 164 2345 ⁵
186 2357 328 2398 damno
353 2357 400 2397 ab
426 2358 653 2399 animalibus
679 2358 783 2408 dato,
808 2362 1018 2407 momenta,
1052 2368 1154 2408 quae,
1179 2357 1385 2397 maximam
1410 2370 1507 2411 par-

185 2442 265 2479 tem
303 2438 499 2492 eiusmodi
537 2444 580 2479 ut
617 2438 809 2480 adversus
849 2438 1027 2491 quamvis
1074 2437 1269 2478 theoriam
1307 2440 1508 2492 respectui

185 2519 312 2572 culpae
345 2525 660 2574 superstructam
687 2520 918 2574 dirigantur,
949 2518 989 2560 in
1015 2519 1171 2573 &bitem
1196 2521 1263 2561 ber
1288 2518 1509 2574 fflbttn'fcben
