1712 2861
850 95 917 145 80

229 236 277 276 tis
308 235 462 274 casibus
493 245 613 287 supra
645 235 960 274 commemoratis
992 235 1110 274 modo
1143 227 1546 277 ‹limicliam'resarci-

228 315 374 354 tionem
406 315 650 354 concesserit
659 316 722 364 ἥ).

345 394 501 434 Adsunt
537 406 635 435 vero
677 407 764 447 quae
804 395 1012 435 contrariae
1043 396 1246 435 sententiaa
1278 396 1547 437 inhaerendum

230 487 320 515 esse
351 475 528 515 svadent.
603 476 753 523 Quodsi
784 477 963 516 statuitur
993 477 1140 530 §phum
1171 478 1323 517 citatam
1354 478 1547 516 constitu-

227 556 344 594 tionis
385 553 410 595 9
443 555 519 596 Juli
552 554 661 597 1817
702 557 988 597 modificavisse
1028 557 1343 596 constitutionem
1374 554 1429 598 29
1452 557 1547 597 Oct.

231 632 345 675 1794
376 634 431 674 ‹lc‘
457 635 586 676 damni
615 638 887 687 resarcitione,
919 649 999 677 non
1024 649 1114 677 esse
1141 637 1311 687 videtur,
1345 649 1429 688 cur,
1460 650 1547 677 cum

229 717 350 755 verba
390 717 513 769 ipsius
551 717 737 757 latissime
777 710 954 772 pateant,
1001 729 1081 757 non
1121 729 1280 768 omnes,
1326 719 1398 758 sed
1428 719 1548 758 modo
1608 730 1611 732 ·

228 797 405 849 singulas
453 797 641 849 quasdam
687 798 936 838 limitationes
981 799 1056 838 hac
1101 799 1379 839 constitutione
1425 798 1548 838 factas

229 877 434 918 sustulisse
474 883 701 928 censeatur3
747 879 787 918 in
826 879 911 932 ipsa
948 884 1086 918 natura
1127 880 1229 918 enim
1276 879 1414 918 harum
1453 879 1547 918 nihil

228 958 342 1007 inest,
375 957 481 1010 quod
512 958 625 1009 ferat,
656 964 699 998 ut
728 965 864 999 contra
895 965 1169 1012 argumentum
1201 960 1417 999 verborum
1447 959 1549 1012 legis

229 1039 355 1090 magis
386 1039 602 1077 retineatur
633 1051 693 1088 ea,
726 1051 813 1091 quae
844 1045 1028 1079 versatur-
1058 1041 1160 1079 circa
1193 1041 1362 1093 pretium
1385 1040 1548 1093 pecudis

228 1117 404 1157 laedentis
436 1129 515 1158 non
547 1119 828 1171 superandum,
861 1132 976 1172 quam
1007 1133 1066 1170 ea,
1100 1132 1186 1173 quae
1213 1121 1364 1173 culpam
1389 1134 1410 1161 a
1434 1125 1547 1174 parte

230 1199 329 1251 ejus,
362 1199 428 1250 qui
459 1198 641 1239 damnum
671 1212 812 1252 passus
844 1206 924 1251 est,
963 1205 1133 1253 spectat3
1182 1201 1275 1253 quin
1305 1202 1548 1243 contendero

228 1279 372 1329 licebit,
403 1291 542 1331 parum
572 1280 789 1332 probabile
810 1270 906 1321 esse*
933 1294 1019 1321 eam
1050 1281 1194 1334 legem,
1226 1293 1298 1334 qaa
1328 1287 1435 1322 tanto
1461 1295 1549 1322 cum

228 1358 368 1412 rigore
399 1359 437 1399 id
468 1361 702 1414 principium
734 1361 938 1412 exhibeat,
991 1374 1043 1401 ex
1074 1373 1152 1414 quo
1186 1362 1358 1414 cujusvis
1389 1367 1449 1402 est
1478 1375 1549 1402 ca-

229 1451 327 1480 vere
359 1451 409 1480 ne
440 1442 616 1493 pecudes
649 1442 733 1495 ejus
766 1443 901 1482 alienis
933 1442 1255 1495 agrisdamnum
1285 1442 1475 1493 inferant,
1506 1448 1551 1483 ut

230 1532 388 1560 omnem
437 1522 516 1561 vim
563 1522 754 1562 ademerit
793 1523 830 1562 ei
869 1522 1132 1572 excusationi,
1181 1534 1267 1574 quae
1306 1523 1550 1576 negligentia

230 1603 330 1654 ejus,
363 1602 425 1641 cui
456 1602 638 1666 damnum
669 1603 829 1653 illatum,
861 1603 1103 1652 continetur,
1144 1615 1230 1642 eam
1260 1604 1550 1644 restrictionem

228 1683 462 1733 retinuisse,
503 1695 555 1722 ex
586 1696 662 1736 qua
693 1683 746 1734 is,
787 1684 896 1737 cujus
927 1683 1144 1740 pecudes,
1165 1684 1278 1737 culpa
1307 1685 1355 1724 ab
1387 1685 1548 1725 alterius

228 1768 341 1815 parte
371 1775 451 1803 non
482 1764 782 1814 interveniente,
812 1764 998 1815 laeserint,
1029 1765 1078 1804 ad
1108 1765 1428 1816 resarcitionem,
1461 1777 1547 1817 quae

229 1843 386 1883 illorum
418 1843 588 1896 pretium
620 1843 804 1894 excedat,
836 1844 1098 1897 praestandam
1128 1857 1208 1885 non
1239 1849 1431 1885 teneatur.

346 1924 635 1977 Argumentum
673 1937 748 1977 pro
788 1929 924 1964 nostra
962 1927 1157 1966 sententia
1202 1926 1387 1979 praebere
1433 1925 1549 1965 etiam

229 2004 386 2045 ¹videtur
416 2005 544 2057 §plius
575 2002 636 2043 lita
672 2006 793 2058 ipsius
825 2011 950 2046 const.
982 2003 1008 2047 9
1041 2006 1116 2047 Juli
1152 2003 1278 2057 1817,
1310 2018 1361 2045 ex
1392 2017 1481 2058 qua,
1515 2005 1550 2046 si

232 2084 415 2124 damnum
445 2086 574 2138 sepeti
606 2086 767 2139 alicujus
799 2087 929 2139 aliquo
960 2086 1079 2127 modo
1111 2087 1256 2126 illatum
1286 2085 1425 2136 fuerit,
1471 2085 1549 2126 du-

232 2166 338 2218 plum
370 2166 637 2219 praestandum
670 2172 742 2217 ost,
775 2179 852 2219 quo
884 2172 1100 2220 praecepto,
1134 2166 1239 2219 quod
1266 2166 1447 2206 damnum
1477 2177 1551 2219 per

233 2247 409 2286 animalia
448 2247 577 2287 datum
616 2248 908 2301 complectitur,
964 2259 1119 2288 omnem
1165 2251 1390 2300 respectum
1436 2246 1551 2300 pretii

278 2430 320 2474 ᾖ)
349 2429 534 2476 ᾢααηῑβος
557 2438 630 2466 mm
652 2433 712 2467 ben
735 2431 845 2476 tnnffe
869 2440 908 2476 ng
930 2431 1032 2493 notite
1053 2430 1294 2476 Qovtonbissbeb
1319 2429 1423 2466 32312.
1452 2430 1468 2464 1
1487 2428 1550 2465 Εἰ.

347 2503 380 2538 p.
405 2490 463 2527 38.
578 2488 594 2496 ”
