1712 2861
842 107 901 153 11

330 243 392 285 Ex
429 243 564 284 verbis
602 242 704 296 legis
742 241 828 282 haec
865 242 966 282 actio
1005 241 1054 282 ad
1085 253 1223 282 omnes
1254 240 1535 296 quadrupedes

214 325 407 379 pertinet,
439 324 605 377 quaestio
635 335 735 363 vero
767 323 859 363 satis
890 323 1008 363 dubia
1036 327 1222 376 respectu
1251 323 1407 363 illorum
1436 335 1535 364 ver-

214 407 377 446 borum:
417 404 526 456 „haec
554 405 655 444 actio
687 403 737 444 ad
767 415 906 444 omnes
937 402 1217 456 quadrupedes
1246 405 1447 456 pertinet-'⁴
1487 416 1535 444 ea

214 491 295 536 est,
335 497 385 525 an
423 485 524 526 actio
563 484 613 525 de
643 484 835 538 pauperie
866 484 982 524 etiam
1012 483 1052 523 in
1084 496 1177 524 casu
1207 485 1337 525 damni
1367 485 1415 524 ab
1447 485 1535 525 ani-

214 567 378 607 malibus
416 566 513 607 feris
557 565 636 606 dati
685 565 874 618 applicari
918 564 1056 618 possit.
1131 564 1257 618 Hujus
1306 566 1536 618 quaestionis

214 647 427 688 tractandae
458 659 511 688 ex
539 647 705 687 naturali
736 645 877 687 ordine
906 644 1017 685 locus
1046 645 1110 686 hic
1134 645 1293 698 quidem
1325 651 1451 695 esset3
1484 648 1536 687 ob

213 728 426 782 specialem
464 739 565 769 vero
604 739 762 768 causam
801 726 1114 779 disquisitionem
1145 727 1232 780 ejus
1263 727 1425 768 differre
1456 740 1536 768 no-

213 809 274 849 bis
297 809 442 859 licebit,
473 809 564 849 ideo
589 809 750 859 scilicet,
782 807 890 860 quod
913 808 953 847 in
977 806 1050 846 hac
1074 808 1292 859 quaestione
1317 808 1537 849 dirimenda

213 899 382 929 necesse
422 893 483 928 est
521 888 570 929 ad
610 901 658 929 ea
695 891 946 938 recurratur,
1004 899 1092 939 quae
1142 887 1192 928 de
1233 889 1536 940 conditionibus,

212 969 285 1010 sub
318 969 460 1022 quibus
491 969 554 1009 illa
584 969 684 1009 actio
715 970 755 1009 in
785 969 1015 1008 universum
1045 968 1192 1009 institui
1217 974 1361 1024 potest,
1392 971 1535 1010 valent.

329 1049 489 1090 Actioni
537 1049 587 1090 de
625 1051 820 1104 pauperie
857 1050 969 1090 locus
999 1062 1080 1090 non
1111 1056 1191 1101 est,
1244 1052 1319 1091 nisi
1359 1051 1537 1104 quadru-

212 1141 286 1184 pes
332 1131 500 1184 proprio
546 1135 656 1171 motu
702 1135 820 1184 atque
867 1135 1005 1171 contra
1051 1136 1228 1171 naturam
1273 1143 1383 1171 suam
1423 1132 1538 1172 dam-

212 1223 305 1251 num
334 1212 520 1251 intulerit.
579 1211 805 1251 Necessitas
835 1211 982 1264 prioris
1012 1212 1216 1264 requisiti,
1257 1212 1364 1265 quod
1393 1224 1538 1266 nempe

213 1290 379 1345 proprio
421 1296 530 1331 motu
559 1293 713 1342 nocuit,
755 1292 983 1345 simpliciter
1021 1292 1124 1332 inest
1160 1292 1200 1332 in
1230 1293 1253 1333 l.
1288 1292 1326 1333 1.
1359 1298 1385 1342 §
1418 1291 1456 1334 6.
1489 1295 1537 1334 D.

213 1373 248 1412 si
296 1372 434 1425 quadr.
483 1373 572 1423 ubi,
618 1377 924 1413 commemorato
973 1384 1088 1423 casu,
1133 1373 1174 1413 in
1225 1386 1303 1427 quo
1343 1376 1444 1416 actio
1486 1375 1537 1416 de

213 1455 407 1508 pauperie
438 1465 519 1494 non
550 1454 662 1494 datur
694 1455 753 1506 ei,
798 1455 861 1495 cui
891 1467 912 1494 a
944 1466 1043 1494 cane
1075 1455 1257 1495 damnum
1288 1456 1432 1496 illatum
1464 1462 1537 1508 est,

213 1535 355 1576 dicitur
385 1535 481 1587 „sed
512 1538 551 1575 et
579 1535 613 1575 si
642 1535 828 1588 instigatu
859 1535 1019 1575 alterIus
1046 1535 1133 1576 fera
1159 1536 1341 1576 damnum
1368 1537 1538 1589 dederit,

214 1617 386 1657 cessabit
413 1616 500 1657 haec
530 1617 675 1667 actio,“
706 1627 782 1656 nec
811 1616 940 1656 minus
969 1616 1010 1656 in
1039 1616 1065 1656 l.
1099 1615 1137 1656 1.
1170 1621 1209 1665 §.
1241 1615 1281 1658 8.
1314 1618 1409 1672 Dig.
1440 1619 1478 1659 h.
1510 1623 1538 1659 t.

213 1710 266 1738 ex
297 1709 395 1750 qua,
440 1697 475 1737 si
505 1697 578 1737 alia
609 1697 836 1750 quadrupes
867 1698 980 1737 aliam
1011 1698 1242 1749 concitaxit,
1284 1703 1326 1738 ut
1357 1699 1540 1744 damnum

213 1778 347 1830 daret,
379 1779 488 1832 ejus,
520 1789 608 1830 quae
639 1779 869 1829 concitavit,
909 1778 1069 1819 nomine
1101 1779 1301 1832 agendum
1332 1781 1427 1830 erit,
1460 1792 1538 1833 quo

210 1863 399 1913 respectu
421 1870 545 1913 porro
577 1858 731 1909 dicitur,
762 1863 855 1899 tunc
877 1859 978 1899 hanc
1003 1860 1199 1900 actionem
1222 1860 1352 1900 locum
1374 1860 1540 1912 habere,

214 1952 303 1980 cum
334 1945 528 1980 commota
559 1939 715 1980 feritate
745 1941 928 1980 nocuerit
953 1941 1202 1994 quadrupes,
1234 1946 1328 1994 puta
1354 1943 1388 1982 si
1413 1955 1541 1996 equus

214 2020 446 2061 calcitrosus
476 2020 581 2060 calce
611 2021 875 2074 percusserit,
917 2021 1106 2072 autssbos,
1138 2033 1264 2063 cornu
1294 2028 1434 2076 petere
1465 2036 1538 2064 so-

212 2101 317 2153 litus,
346 2102 520 2157 petierit,
551 2105 615 2141 aut
645 2101 773 2152 mulae,
804 2106 972 2154 propter
1001 2103 1159 2142 nimiam
1190 2102 1455 2154 ferociam'O.

331 2182 533 2230 Quatenus
564 2182 709 2222 actioni
751 2182 801 2222 de
840 2183 1032 2237 pauperie
1071 2196 1151 2224 non
1181 2184 1310 2224 locum
1342 2197 1433 2226 esse
1463 2186 1539 2226 nisi

213 2263 372 2315 quando
414 2263 641 2317 quadrupes
681 2268 818 2304 contra
845 2269 1035 2304 'naturam
1081 2265 1248 2316 laeserit,
1304 2268 1539 2318 monuimus,

212 2344 495 2398 comprobatur
517 2345 595 2386 hoc
618 2345 853 2398 requisitum
882 2345 906 2385 l.
942 2345 979 2386 1.
1012 2350 1051 2394 §.
1083 2344 1122 2386 7.
1155 2347 1244 2400 Dig.
1278 2348 1315 2388 h.
1347 2353 1397 2399 t.,
1429 2350 1540 2402 cujus

258 2532 296 2573 ᾗ)
322 2531 343 2565 1.
374 2531 403 2565 1.
431 2533 466 2573 ς.
494 2529 525 2564 4.
552 2530 629 2575 mg.
656 2531 687 2564 h.
714 2536 734 2563 t.
763 2531 814 2564 Pr.
840 2531 864 2564 1.
892 2533 918 2565 si
946 2531 1064 2576 quadr.
