1712 2861
791 109 852 158 91

166 260 257 288 esse
288 259 311 288 a
342 246 524 297 domino,
555 247 617 286 cui
647 257 734 306 non¹
758 247 900 286 minori
925 246 1017 299 jure
1048 246 1198 299 injungi
1228 248 1353 299 possit
1384 247 1489 289 obli-

165 329 272 383 gatio
313 329 399 381 ejus
437 327 583 368 abusus
622 327 854 380 praestandi,
902 327 968 379 qui
1005 338 1139 366 rerum
1182 328 1489 380 inanimatamm,

172 421 270 461 quas
294 409 485 449 locaverit
503 409 568 448 vel
584 408 905 458 commodaverit,
937 408 1064 448 locum
1079 408 1272 459 habuerit,
1304 415 1490 463 respectu

167 502 334 542 quarum
373 489 592 540 dominum,
638 490 711 529 nisi
748 502 834 542 lpse
866 489 1088 541 deliquerit,
1119 490 1223 528 omni
1249 490 1490 543 obligatione

167 575 394 624 exemptum
433 583 523 611 esse
563 568 722 611 6-10-1
769 575 808 610 et
847 567 1008 610 G-11-7
1059 572 1355 620 monstrant*);
1410 576 1490 610 tum

169 652 327 704 quidem
366 651 444 692 hoc
481 652 709 705 simpliciter
747 664 799 692 ex
845 663 895 691 eo
943 651 1143 704 sequitur,
1190 651 1296 703 quod
1344 652 1382 691 in
1428 651 1493 691 tali

171 745 265 772 casu
304 732 354 773 de
394 732 507 785 culpa
546 733 768 785 praestanda
806 744 940 773 sermo
979 737 1059 782 est,
1106 732 1152 771 ab
1186 743 1257 782 eo,
1305 732 1366 772 cui
1397 743 1493 772 usus

171 813 349 853 animalis
381 824 596 853 concessus
628 817 732 863 erat,
764 812 944 853 admissa.

285 893 524 934 Monendum
555 894 726 946 denique
759 898 831 944 est,
861 894 974 946 leges
1003 893 1169 947 patriaS,
1211 897 1403 945 quatenus
1427 894 1495 946 jus

168 974 440 1014 resarcitionis
472 974 681 1027 exigendae
714 974 751 1014 ei
782 973 1012 1024 concedant,
1044 974 1105 1013 cui
1130 974 1177 1013 ab
1203 974 1356 1013 animali
1381 974 1494 1014 dam-

171 1067 263 1095 num
303 1055 433 1096 datum
471 1055 540 1106 sit,
585 1055 677 1095 illud
715 1066 796 1095 non
835 1055 887 1095 ita
925 1055 1101 1094 tribuere
1139 1059 1182 1094 ut
1220 1060 1402 1107 tanquam
1428 1056 1494 1107 jus

171 1137 281 1176 reale
319 1137 359 1176 in
398 1136 550 1176 animali
590 1137 862 1186 constitutum,
909 1135 1016 1189 quod
1057 1135 1250 1175 adversus
1297 1135 1497 1175 dominum

172 1218 259 1271 ejus
291 1229 367 1270 qua
396 1217 514 1256 talem
544 1217 722 1257 absolute
754 1217 937 1256 exerceri
967 1216 1105 1270 possit,
1137 1216 1405 1256 aestimandum
1435 1217 1496 1256 sit.

292 1298 388 1339 Haec
417 1298 468 1338 ita
499 1310 545 1338 se
574 1297 723 1338 habere
754 1301 834 1337 tum
866 1310 918 1337 ex
949 1308 998 1337 eo
1031 1301 1206 1350 apparet,
1239 1297 1345 1350 quod
1370 1298 1498 1337 inter-

176 1378 269 1419 dum
299 1378 523 1432 praestanda
554 1383 614 1419 est
643 1379 863 1429 resarcitio,
895 1389 982 1430 quae
1013 1377 1183 1430 pretium
1214 1377 1388 1418 animalis
1418 1389 1499 1417 no-

176 1460 300 1499 centis
331 1459 510 1510 excedat,
541 1459 737 1499 interdum
767 1459 866 1509 talis,
900 1470 988 1510 quae
1011 1444 1141 1498 minor
1171 1458 1235 1498 illo
1268 1459 1397 1512 pretio
1429 1459 1478 1498 sit
1487 1472 1498 1507 ;

174 1545 256 1580 tum
287 1552 340 1580 ex
370 1551 420 1580 eo
451 1545 638 1593 respectu
669 1540 860 1593 aequitatis
891 1539 1119 1579 necessario
1150 1540 1350 1592 sequitur,
1382 1551 1499 1591 quem

175 1621 216 1661 in
245 1620 321 1661 hac
349 1621 512 1660 materia
542 1620 760 1660 ordinanda
789 1620 1060 1673 legislatorem
1088 1619 1275 1660 habuisse
1306 1624 1470 1660 constat.

293 1701 510 1749 Quaexcum
539 1701 591 1741 ita
620 1702 717 1751 sint,
749 1700 917 1741 dubitari
946 1701 1093 1754 nequit,
1126 1702 1219 1754 quin
1243 1702 1276 1741 si
1302 1701 1389 1753 quis
1414 1700 1502 1740 ani-

179 1782 275 1834 mal,
322 1794 344 1822 a
383 1793 462 1835 quo
501 1781 684 1822 damnum
718 1782 798 1835 jam
830 1782 973 1822 illatum
1004 1783 1073 1833 sit,
1119 1783 1223 1822 hona
1254 1782 1330 1822 fide
1363 1781 1502 1833 acqui-

179 1864 329 1914 siverit,
359 1875 441 1904 non
471 1863 556 1913 ille,
598 1868 635 1903 at
664 1863 711 1913 is,
743 1862 810 1915 qui
839 1867 1020 1915 tempore
1052 1863 1182 1903 damni
1213 1863 1290 1903 dati
1322 1862 1504 1902 dominus

178 1944 353 1984 animalis
378 1948 476 1993 erat,
502 1943 742 1996 obligatione
757 1944 1027 1983 resarcitionis
1043 1943 1277 1997 praestandae
1302 1947 1503 1991 teneatur3

179 2036 256 2064 nec
284 2024 410 2077 magis
448 2023 609 2064 dubium
647 2028 727 2074 est,
768 2036 878 2074 eum,
924 2024 987 2063 cui
1024 2024 1073 2063 sit
1104 2024 1170 2077 jus
1207 2024 1505 2064 resarcitionem

181 2098 381 2158 exigendi,
410 2105 450 2144 in
483 2105 650 2155 animali,
682 2104 788 2157 quod
812 2105 958 2154 nocuit,
988 2116 1069 2144 non
1093 2105 1290 2157 potiorem
1314 2116 1404 2144 esse
1430 2104 1504 2143 alio

182 2186 322 2238 quovis
347 2184 559 2235 creditore,
590 2186 637 2224 iis
661 2185 818 2225 casibus
843 2186 1033 2238 exceptis,
1059 2197 1227 2238 quorum
1251 2186 1354 2225 circa
1378 2196 1505 2238 pecu-

183 2266 255 2305 des
285 2266 324 2305 in
356 2277 454 2318 agro
486 2266 795 2319 comprehensas
826 2278 946 2319 supra
976 2267 1215 2307 mentionem
1239 2266 1403 2307 fecimus
1414 2266 1503 2313 W).

230 2379 271 2422 ᾗ)
296 2378 481 2425 ῷααηδβος
508 2380 528 2413 5
556 2379 623 2415 ffi‘r.
651 2381 667 2414 1
696 2379 760 2436 Εἰ.
785 2392 817 2424 p.
843 2379 992 2414 44—45.

208 2440 272 2484 Η)
301 2439 371 2483 (ἰῇ.
397 2440 582 2486 {ouanbbng
609 2441 629 2475 5
656 2441 724 2477 Qt.
752 2442 769 2476 1
797 2440 860 2477 (ἑὲ.
886 2453 918 2486 p.
944 2441 1093 2477 44—45.

625 2541 1065 2585 ψ
