1712 2861
798 119 866 168 27

172 239 276 308 tulit,
323 257 362 298 in
402 269 479 311 qua
517 257 737 309 quaestione
777 256 995 297 dirimenda
1042 268 1209 297 necesse
1257 260 1318 296 est
1350 255 1495 310 singuli

174 349 289 378 casus
328 337 602 390 respiciantur.

287 417 328 459 Si
374 417 515 458 animal
561 429 644 458 non
682 417 909 472 instigatum
948 421 1112 471 propter
1163 421 1370 468 eventum,
1416 429 1494 471 ge·-

175 500 263 540 neri
287 500 375 553 ejus
398 510 481 539 non
503 498 716 549 insolitum,
756 497 936 538 damnum
962 498 1082 549 dedit,
1113 498 1222 550 cujus
1252 498 1314 537 rei
1353 510 1496 537 exem-

174 579 282 633 plum
330 579 481 620 desumi
527 583 660 632 potest
705 590 757 618 ex
796 564 932 631 equo,
981 580 1050 632 qui
1084 578 1146 618 via
1187 578 1327 619 declivi
1364 578 1496 630 lapsus

174 660 388 700 concidens
422 672 514 700 rem
551 659 719 712 aliquam
757 659 875 709 hesit,
914 661 1020 700 nulla
1058 661 1159 701 actio
1204 660 1340 710 datur,
1387 658 1495 711 quod

174 752 228 780 ex
263 740 288 780 l.
328 738 398 781 52.
439 744 479 788 §.
519 737 559 780 2.
596 740 689 792 Dig.
730 740 778 780 ad
815 740 896 793 leg.
935 740 1065 793 Aquil.
1107 745 1291 794 apparet,
1338 741 1378 779 in
1418 750 1494 791 qua

134 878 138 881 -
175 821 336 861 dicitur:
382 821 558 872 „Quodsi
596 832 728 872 neque
767 820 881 860 mulae
921 832 1052 873 neque
1092 820 1272 860 homines
1308 821 1348 859 in
1378 831 1496 859 causa

175 905 321 950 essent,
353 900 423 940 sed
448 901 563 941 mulae
586 901 763 941 retinere
789 912 890 940 onus
904 901 1150 953 nequissent,
1182 905 1259 951 aut,
1291 912 1378 940 cum
1395 911 1497 939 con-

174 981 416 1032 niterentur,
446 982 570 1036 lapsae‘
599 982 883 1033 concidissent,
916 987 956 1022 et
982 980 1076 1022 ideo
1106 982 1322 1034 plaustrum
1353 981 1496 1020 cessim

173 1062 357 1113 redisset,
387 1066 506 1115 atque
535 1062 589 1112 hi,
621 1073 699 1114 quo
727 1074 964 1102 conversum
988 1062 1141 1113 fuisset,
1172 1073 1274 1103 onus
1298 1062 1497 1102 sustinere
1569 1072 1573 1074 ·

173 1144 424 1196 nequissent:
470 1154 602 1196 neque
647 1155 738 1183 cum
779 1143 939 1183 domino
978 1143 1191 1194 mularum,
1235 1155 1369 1195 neque
1409 1154 1496 1182 cum

174 1223 397 1264 hominibus
429 1233 519 1263 esse
551 1223 767 1263 actionem“
778 1225 843 1272 ἦ).

292 1304 334 1346 Si
372 1303 420 1344 ab
459 1303 535 1343 alio
575 1303 730 1343 animali
767 1302 966 1342 incitatum
1003 1304 1162 1344 tertium
1196 1303 1355 1356 aliquod
1384 1303 1497 1354 laesit,

177 1384 291 1425 datur
320 1384 422 1424 actio
454 1383 504 1423 de
535 1383 726 1436 pauperie
756 1395 838 1423 non
867 1383 1060 1424 adversus
1091 1384 1291 1424 dominum
1318 1384 1497 1437 quadru-

174 1465 311 1518 pedis,
351 1475 440 1517 quae
469 1464 627 1514 nocuit,
665 1463 739 1503 sed
780 1468 918 1504 contra
956 1464 1156 1504 dominum
1192 1465 1279 1518 ejus
1309 1465 1497 1516 animalis,

175 1545 284 1598 quod
313 1545 417 1585 illam
440 1543 661 1594 concitavit,
695 1544 802 1596 quod
833 1545 1006 1584 sancitur
1035 1544 1076 1584 in
1104 1545 1128 1584 l.
1164 1544 1202 1585 1.
1235 1549 1274 1593 §.
1306 1542 1347 1585 8.
1378 1546 1426 1585 D.
1457 1545 1496 1585 h.

174 1631 203 1665 t.
233 1625 317 1676 „Et‚
347 1625 382 1665 si
409 1625 484 1665 alia
509 1624 736 1677 quadrupes
766 1625 883 1665 aliam
913 1626 1121 1665 concitavit
1149 1630 1192 1665 ut
1215 1625 1399 1666 damnum
1423 1626 1499 1666 da-

175 1710 252 1756 ret,
284 1706 385 1758 eJus,
426 1717 514 1757 quae
544 1705 765 1755 concitavit,
795 1705 955 1745 nomine
985 1706 1183 1759 agendum
1214 1707 1324 1747 erit.“
1383 1707 1436 1747 At
1465 1707 1499 1747 si

177 1786 317 1827 animal
347 1785 545 1838 quoddam
574 1786 689 1825 alteri
728 1785 887 1837 quidem
926 1787 1176 1827 occasionem
1212 1792 1350 1828 contra
1379 1792 1499 1827 natu-

175 1879 261 1908 ram
289 1865 462 1907 nocendi
491 1865 612 1916 dedit,
641 1877 724 1906 non
752 1870 884 1906 tamen
913 1866 1009 1907 illud
1038 1868 1258 1919 concitavit,
1286 1868 1498 1908 instituen-

174 1947 228 1988 da
257 1951 318 1987 est
348 1947 450 1988 actio
482 1947 674 1987 adversus
707 1947 907 1987 dommum
937 1948 1024 2000 ejus
1054 1948 1241 1999 animam,
1282 1949 1391 2001 quod
1418 1960 1498 1989 no-

176 2027 276 2077 cuit3
325 2027 436 2080 cujus
484 2027 709 2080 exemplum
753 2027 978 2081 suppeditat
1022 2028 1047 2067 l.
1088 2028 1154 2068 ult.
1194 2028 1243 2069 D.
1284 2029 1318 2069 si
1358 2029 1496 2082 quadr.

176 2108 338 2161 „Agaso
365 2120 453 2147 cum
475 2108 515 2148 in
537 2108 740 2148 tabernam
765 2120 909 2160 equum
938 2108 1168 2160 deduceret,
1198 2110 1340 2150 mulam
1370 2121 1497 2162 equus

174 2188 325 2240 olfecit,
353 2189 457 2229 mula
480 2189 629 2229 calcem
651 2189 806 2242 rejecit,
835 2194 874 2229 et
888 2201 986 2230 ‘crus
1001 2190 1182 2243 Agasoni
1205 2189 1338 2245 fregit.
1385 2190 1498 2231 Con-

178 2269 391 2320 sulebatur,
419 2274 609 2322 possetne
641 2281 728 2309 cum
754 2269 914 2311 domino
939 2271 1053 2313 mulae
1079 2272 1157 2326 agi,
1189 2272 1297 2325 quod
1322 2284 1369 2312 ea
1393 2283 1496 2325 pau-

177 2350 331 2403 periem
362 2349 552 2390 fecisset?
584 2350 788 2404 Respondi
818 2363 952 2405 posse.
1323 2330 1336 2335 -

225 2520 266 2564 a)
301 2519 403 2557 &hid
427 2521 497 2559 ffib.
525 2522 568 2558 10
594 2521 694 2567 ΜΗ).
719 2523 742 2560 2
770 2535 802 2567 p.
827 2521 909 2559 282.
