1712 2861
821 118 888 168 26

204 261 320 310 enim,
352 258 458 311 quod
489 257 627 298 animal
657 257 785 298 ferum
815 257 853 296 in
885 244 1109 309 captivitate
1141 254 1340 309 detentum
1371 253 1420 294 ad
1450 254 1514 294 in-

200 341 450 393 stigationem
474 338 629 388 inferat,
659 342 840 389 tanquam
869 336 1046 378 naturale
1070 335 1293 376 habendum
1323 339 1403 384 est3
1436 345 1514 386 quo

198 424 384 473 respectu
409 419 538 469 docet,
567 419 593 459 l.
628 417 666 458 1.
698 422 736 465 ς.
771 415 838 457 10.
863 417 953 470 Dig.
985 417 1019 456 si
1051 415 1188 468 quadr.
1219 427 1300 456 non
1331 415 1518 455 absolute

200 501 394 540 actionem
425 499 474 539 de
504 499 696 552 pauperie
725 498 765 537 in
795 497 931 538 bestiis
964 496 1201 546 excludere,
1241 496 1314 536 sed
1344 499 1516 535 tantum-

152 573 160 575 ⁴
199 581 318 621 modo
350 580 538 629 indicare,
569 591 656 619 eam
679 583 843 631 propter
867 578 1093 618 naturalem
1117 576 1314 616 feritatem
1344 586 1516 625 cessare,

202 673 371 713 quocum
410 660 625 699 convenire
670 663 807 697 censet
834 669 896 710 pr.
927 657 955 696 Ι.
988 658 1023 697 si
1054 655 1190 709 qvadr.
1249 656 1293 695 In
1320 655 1400 695 hoc
1425 655 1516 695 loco

202 741 327 790 enim,
365 740 567 779 mentione
598 738 699 778 facta
730 736 814 789 ejus
844 736 1044 789 requisiti,
1091 736 1198 789 quod
1229 735 1450 775 continetur
1478 734 1520 773 in

201 821 334 861 indole
364 820 477 871 facti,
516 824 558 860 ut
588 819 674 859 talis
708 818 814 870 quod
845 823 989 857 contra
1017 823 1207 857 naturam
1237 815 1404 865 exstitit,
1435 818 1520 854 sta-

203 903 270 941 tim
316 901 493 953 adjicitur
539 905 738 952 „ceterum
782 898 817 939 si
856 898 1036 951 genitalis
1075 897 1125 938 sit
1162 896 1321 946 feritas,
1367 895 1519 934 cessat“

203 982 375 1031 (scilicet
398 982 498 1021 actio
525 981 575 1021 de
599 980 829 1033 pauperie),
862 980 970 1032 cujus
1002 978 1062 1018 rei
1092 976 1381 1017 consectarium
1410 975 1519 1014 sisti-

202 1067 264 1103 tur
294 1063 334 1101 in
363 1061 658 1114 insequentibus
691 1060 893 1112 „Denique
926 1063 982 1108 (oz
1012 1059 1130 1107 ideo)
1161 1057 1196 1097 si
1225 1067 1342 1098 ursus
1373 1054 1522 1107 fugerit

203 1155 226 1182 a
257 1142 416 1181 domino
458 1146 497 1181 et
526 1142 584 1181 sic
613 1140 806 1189 nocuerit,
837 1151 919 1179 non
948 1143 1080 1192 potest
1111 1138 1308 1190 quondam
1338 1135 1519 1176 dominus

202 1222 429 1274 conveniri,
476 1223 567 1274 quia
606 1220 720 1261 desiit
759 1219 938 1260 dominus
981 1230 1071 1258 esse
1110 1218 1179 1258 ubi
1225 1216 1312 1257 fera
1359 1215 1519 1264 evasit‚“

203 1315 291 1355 quae
322 1302 466 1356 positio
497 1302 691 1342 theoriam
721 1300 939 1352 expositam
969 1298 1115 1347 firmat,
1156 1298 1246 1349 quia
1277 1309 1329 1336 ex
1357 1298 1418 1336 rei
1447 1306 1523 1334 na·-

203 1389 290 1424 tura
315 1384 395 1436 jam
425 1387 686 1435 sequeretur,
727 1383 922 1422 actionem
953 1379 1002 1419 de
1032 1379 1246 1431 pauperie,
1284 1376 1360 1416 nisi
1390 1375 1522 1416 domi-

202 1465 309 1505 nium
334 1463 446 1513 adsit,
475 1463 605 1503 locum
628 1462 776 1502 habere
806 1473 888 1501 non
917 1471 1052 1514 posse,
1081 1456 1208 1510 'atque
1238 1458 1273 1498 si
1301 1457 1353 1499 in,
1372 1457 1523 1508 bestiis,

206 1544 291 1584 sive
333 1543 545 1583 dominium
576 1543 734 1582 adesset
763 1542 849 1582 sive
879 1552 980 1590 non,
1020 1539 1120 1578 actio
1151 1539 1214 1578 illa
1254 1542 1411 1578 exstare
1441 1549 1522 1577 non

206 1628 356 1677 posset,
387 1623 630 1676 superfluum
661 1623 822 1672 fuisset,
872 1621 1071 1662 dominum
1101 1620 1313 1672 exstitisse,
1342 1620 1415 1661 sed
1446 1631 1523 1660 ex-

206 1708 313 1745 stare
345 1704 532 1755 desiisse,
565 1688 892 1744 commemorare.

810 1849 927 1911 ὃὸ.

209 1968 555 2040 Observationes
611 1970 739 2015 circa
784 1983 880 2015 eum
916 1981 1090 2024 casum,
1126 1980 1212 2028 quo
1257 1965 1424 2012 animal
1459 1965 1526 2010 ita

347 2062 546 2108 damnum
582 2061 717 2119 dedit,
752 2065 800 2106 ut
833 2061 1051 2122 requisita
1086 2055 1278 2106 actionis
1315 2059 1370 2105 de
1398 2073 1525 2119 paa-

340 2155 470 2215 perz'e
506 2155 716 2215 exposita
750 2167 838 2198 non
873 2152 1035 2199 adsint.

325 2266 522 2314 Quaeritur
562 2267 654 2320 quid
693 2265 940 2306 statuendum
985 2266 1054 2316 sit,
1102 2264 1170 2304 ubi
1209 2262 1435 2316 quadrupes
1473 2262 1527 2303 ita

206 2347 389 2387 damnum
421 2347 541 2399 dedit,
573 2353 614 2388 ut
635 2359 719 2388 non
743 2347 871 2387 adsint
895 2358 967 2397 eae,
999 2357 1096 2399 quas
1123 2344 1393 2398 exposuimuS,
1425 2354 1526 2383 con-

207 2427 401 2478 ditioneS,
439 2427 525 2469 sine
565 2429 706 2481 quibus
738 2427 837 2468 actio
869 2427 919 2468 de
949 2426 1141 2480 pauperie
1171 2437 1252 2466 non
1282 2423 1526 2473 conceditur,

207 2508 410 2561 speciatim
441 2509 475 2548 si
505 2510 721 2550 secundum
750 2513 928 2550 naturam
967 2508 1027 2549 sui
1058 2506 1219 2560 generis
1249 2505 1432 2547 damnum
1462 2503 1526 2545 in-
