1712 2861
842 97 910 148 88

221 239 274 279 tio
304 237 390 278 haec
419 248 499 277 non
529 236 656 276 minus
686 237 920 290 recipiatur,
960 249 1074 290 quam
1112 243 1355 291 praeceptum
1390 237 1538 293 prioris

222 319 400 368 membri,
433 317 616 370 quoniam
647 310 760 369 aeque
791 330 836 358 ac
864 296 1017 358 hoc‘ex
1042 331 1088 358 ea
1113 320 1279 359 ratione.
1312 331 1388 372 qua
1411 319 1540 372 legis·—

221 401 322 439 lator
353 397 573 450 aequitatem
604 399 861 451 spectaverit,
901 399 1148 440 existentiam
1185 400 1347 452 ceperit.
1407 400 1540 439 Primo

224 464 383 532 quidem
413 484 576 532 aspectu
609 476 772 519 6-10-(3
805 484 1098 532 argumentum,
1135 467 1242 532 quod
1273 490 1324 520 ne
1353 479 1440 520 haec
1468 491 1540 520 re—

221 561 370 601 strictio
417 560 638 600 admittatur
677 559 920 610 dissvadeat,
966 561 1171 600 continere
1215 560 1392 610 videtur,
1438 571 1540 610 cum,

222 641 288 680 ubi
325 641 451 693 prima
490 640 577 679 vice
617 640 798 680 damnum
844 640 969 680 intulit
1011 641 1139 691 canis,
1183 640 1303 680 modo
1344 639 1541 679 dimidiam

221 725 374 774 partem
406 721 491 774 eJus
524 720 653 760 damni
682 720 946 772 praestandam
977 715 1068 760 esSe
1099 720 1275 761 absolute
1307 723 1462 769 caveat3
1481 746 1484 749 Δ
1505 724 1543 759 at

222 801 383 841 omissio
424 801 509 853 ejus
546 805 752 853 respectus
791 801 928 854 pretii,
970 801 1036 854 qui
1074 801 1113 840 in
1153 798 1315 841 6-10-5
1358 801 1542 850 occurrit,

222 893 377 921 causam
409 882 502 921 satis
532 882 746 921 naturalem
776 882 815 922 in
847 883 1028 934 qualitate
1065 882 1150 934 ejus
1181 881 1354 922 animalis
1384 891 1540 921 nocen-

220 963 283 1013 tis,
317 962 424 1014 quod
454 962 493 1001 in
525 959 688 1002 6-10-6
721 967 1063 1013 commemoratur,
1093 962 1223 1002 habet.

339 1043 455 1089 Quod
487 1043 621 1082 attinet
650 1043 699 1082 ad
729 1043 939 1094 specialem
966 1055 1051 1081 eam
1076 1041 1346 1094 quaestionem,
1378 1051 1441 1091 an,
1473 1041 1540 1093 qui

216 1124 282 1176 jus
320 1122 491 1163 venandi
530 1122 666 1172 habet,
708 1122 756 1162 ad
787 1122 971 1162 damnum
1001 1122 1098 1162 feris
1128 1122 1192 1161 vel
1223 1122 1434 1162 occasione
1463 1133 1540 1161 ve·-

221 1204 388 1243 nationis
420 1204 595 1256 legitime
625 1203 808 1243 institutae
848 1203 992 1242 illatum
1022 1202 1318 1242 resarciendum
1346 1206 1541 1252 teneatur,

221 1285 270 1324 ad
302 1297 349 1324 ea
379 1295 453 1324 nos
483 1283 638 1323 referre
668 1284 811 1334 licebit,
843 1296 929 1336 quae
961 1284 1146 1336 exposuit
1175 1283 1300 1324 celeb.
1327 1274 1471 1324 Orsted
1502 1283 1540 1321 in

223 1364 306 1416 {ssot
335 1363 481 1417 juribt'ff
512 1363 646 1418 Qtrdyx'so
680 1361 734 1404 22
766 1364 850 1406 θῶ,
882 1377 919 1418 p.
956 1362 1196 1405 140-141.

802 1520 834 1575 ὃ
889 1514 969 1566 28.

361 1644 432 1691 De
470 1638 783 1705 qucest'c‘onibus
821 1643 1082 1705 quibusdam
1117 1642 1405 1690 accessoriis.

338 1768 452 1808 Circa
491 1780 558 1807 eas
598 1768 868 1819 conditiones,
912 1769 984 1809 sub
1025 1768 1166 1820 quibus
1205 1766 1256 1807 de
1284 1765 1543 1806 resarciendo

221 1850 362 1890 damno
395 1849 442 1888 ab
475 1849 700 1888 animalibus
724 1849 843 1898 illato,
876 1853 1046 1902 excepto
1070 1853 1201 1888 tamen
1225 1858 1275 1887 eo
1302 1847 1409 1899 quod
1434 1847 1542 1900 agris

221 1935 260 1970 et
290 1929 449 1982 sepibus
481 1929 611 1968 datum
643 1934 714 1979 est,
745 1940 877 1968 sermo
910 1940 1000 1968 esse
1030 1933 1174 1981 potest,
1205 1927 1325 1967 variae
1351 1928 1543 1980 quaestio-

220 2023 291 2050 nes
322 2010 361 2049 in
393 2009 522 2049 medio
563 2009 658 2062 poni
698 2014 856 2062 queunt.
917 2009 1023 2049 Inter
1051 2008 1123 2048 has
1155 2021 1201 2048 ea
1233 2008 1418 2058 occurrit,
1450 2020 1543 2047 num

220 2092 280 2131 illa
313 2095 512 2143 praecepta
544 2090 729 2143 applicari
759 2090 930 2144 possint,
976 2089 1050 2129 nisi
1083 2088 1239 2141 quando
1271 2088 1411 2127 animal
1440 2099 1542 2140 pro-

221 2169 309 2225 prio
341 2176 448 2211 motu
479 2172 676 2221 nocuerit,
709 2172 756 2211 ad
783 2183 897 2224 quam
923 2170 1181 2224 quaestionem
1211 2170 1263 2209 ita
1286 2168 1541 2222 responden—-

219 2253 312 2292 dum
345 2263 448 2302 esse,
479 2256 520 2290 ut
551 2251 731 2291 dominus
764 2252 936 2292 animalis
968 2251 1014 2291 ab
1047 2250 1152 2290 omni
1181 2249 1434 2303 praestatione
1465 2250 1541 2289 im-

221 2334 345 2372 munis
378 2344 467 2372 esse
499 2332 653 2382 debeat,
684 2333 718 2372 si
749 2338 813 2372 aut
843 2333 888 2382 is,
921 2331 982 2371 cui
1012 2331 1184 2370 nocitum
1216 2331 1276 2381 sit,
1309 2335 1374 2370 aut
1402 2330 1541 2370 tertius

220 2412 309 2465 quis
348 2425 422 2465 per
454 2412 595 2452 sactum
625 2413 699 2466 ipsi
730 2413 1014 2466 imputandum,
1055 2417 1120 2452 aut
1151 2423 1264 2452 casus
1295 2411 1434 2463 aliquis
1465 2422 1541 2450 ex-

221 2499 357 2534 ternus
389 2493 540 2543 animal,
573 2494 721 2546 absque
753 2493 899 2547 impetu
931 2493 1015 2546 ojus
1040 2493 1215 2542 naturali,
1247 2492 1294 2532 ad
1317 2491 1539 2532 nocendum
