1712 2861
787 116 853 165 29

162 268 254 296 num
285 255 451 296 inferret
480 265 559 294 non
591 253 802 301 caveritr).
857 252 1016 292 Rectius
1046 263 1145 292 vero
1177 252 1357 292 statuitur
1387 251 1480 291 illud

161 342 405 390 praeceptum
436 335 631 387 originem
663 333 824 373 duxisse
864 345 916 373 ex
952 345 998 373 ea
1029 333 1301 386 suppositione
1331 333 1480 372 Roma-

161 429 317 467 norum,
348 416 388 455 vi
418 415 542 468 cujus,
573 418 616 453 ut
646 426 698 453 ex
727 413 882 453 theoria
912 414 952 452 in
982 417 1007 460 ὃ
1040 412 1066 454 2
1097 414 1290 466 explicata
1322 414 1481 453 elucere

163 498 389 550 opinamur,
428 496 554 535 brutis
584 494 857 547 imputabilitas
897 493 1186 546 quodammodo
1217 494 1351 533 inesse
1383 505 1481 533 cen-
1520 528 1524 534 i

162 578 414 626 sebaturffi‘).
551 558 553 562 ι

277 657 517 697 Monendum
546 667 670 709 porro
704 660 776 705 est,
816 655 853 695 ei
884 655 1000 695 etiam
1031 654 1248 694 consultum
1280 666 1385 705 esse,
1420 655 1482 693 eui

161 739 355 791 pauperie
386 738 433 777 ab
466 737 631 786 animali,
664 735 770 788 quod
804 735 1101 789 quadrupedum
1125 747 1291 775 numero
1316 746 1396 774 non
1421 735 1483 785 sit,

162 818 264 859 faeta
302 819 484 859 damnum
523 817 656 857 datum
694 815 834 866 suerit,
886 816 1032 869 quippe
1081 827 1200 868 quum
1232 816 1269 855 ei
1300 815 1399 855 actio
1432 815 1482 855 de

162 900 355 953 pauperie
385 899 488 938 utilis
520 896 880 945 concedaturrrr).

277 979 431 1019 Deinde
457 977 707 1018 observanda
731 982 820 1017 sunt
844 990 904 1028 ea,
936 988 1038 1029 quae,
1063 977 1096 1016 si
1122 976 1207 1029 quis
1233 976 1345 1029 culpa
1369 976 1482 1015 dam-

161 1072 255 1099 num
295 1060 342 1100 ab
382 1059 536 1099 animali
575 1059 707 1099 datum
744 1058 998 1110 provocavit,
1036 1057 1178 1097 valent.
1217 1081 1260 1085 —
1300 1057 1415 1104 Quod
1449 1057 1483 1096 si

160 1141 217 1191 is,
263 1140 327 1180 eui
356 1139 529 1180 nocitum
560 1144 639 1190 est,
680 1139 767 1192 ipse
798 1138 838 1177 in
869 1138 982 1190 eulpa
1012 1143 1116 1188 erat,
1156 1137 1206 1177 de
1246 1137 1375 1177 damni
1412 1149 1485 1177 re-

162 1220 374 1260 sarcitione
405 1231 537 1260 sermo
570 1231 661 1259 esse
691 1218 848 1270 nequit,
887 1230 976 1257 nam
1009 1218 1115 1270 quod
1156 1218 1242 1270 quis
1282 1230 1334 1257 ex
1372 1218 1484 1270 culpa

162 1312 234 1340 sua
272 1299 454 1340 damnum
491 1299 628 1349 sentit,
666 1309 747 1338 non
785 1298 1017 1351 intelligitur
1056 1299 1235 1338 damnum
1269 1298 1484 1348 sentire,†)

163 1385 281 1433 atque
303 1380 370 1420 tali
397 1379 590 1433 principio
614 1380 747 1419 nititur
773 1379 887 1419 etiam
912 1379 936 1418 l.
969 1377 1008 1420 2.
1035 1383 1074 1435 §-
1103 1378 1140 1418 1.
1157 1379 1247 1431 Dig.
1273 1379 1307 1418 si
1332 1379 1485 1431 quadr.‚

163 1473 216 1500 ex
247 1473 343 1512 qua,
382 1461 415 1501 si
448 1461 534 1512 quis
567 1460 736 1512 aliquem
767 1460 939 1510 evitans,
979 1460 1250 1512 magistratum
1281 1459 1406 1510 sorte,
1446 1459 1486 1498 in

161 1542 366 1581 tabernam
397 1541 617 1594 proximam
649 1553 693 1581 se
725 1541 962 1591 immisisset,
994 1540 1126 1592 ibique
1168 1552 1190 1580 a
1224 1552 1322 1580 cane
1347 1539 1485 1580 feroce

161 1622 280 1662 laesus
311 1626 430 1672 esset,
460 1633 542 1661 non
572 1633 694 1674 posse
719 1622 784 1675 agi
808 1621 914 1661 canis
939 1616 1111 1671 nomine,
1144 1621 1300 1672 quidam
1331 1626 1486 1674 putant:

164 1707 222 1753 at,
262 1703 296 1742 si
333 1702 484 1742 solutus
523 1701 685 1753 fuisset,
725 1707 872 1742 contra.
948 1701 989 1742 Si
1026 1701 1164 1741 tertius
1205 1702 1291 1753 quis
1331 1713 1487 1741 causam

164 1783 294 1823 damni
333 1783 426 1822 illati
463 1782 654 1834 praebuit,
693 1787 851 1822 tenetur
888 1782 952 1821 hic
990 1783 1143 1822 actione
1180 1782 1283 1835 legis
1319 1782 1486 1835 Aquiliae

164 1868 229 1903 aut
259 1863 412 1903 actione
442 1863 482 1902 in
513 1862 761 1913 factum,†-1-)
802 1873 881 1914 quo
920 1867 1108 1915 respectu
1144 1867 1275 1903 tamen
1314 1875 1486 1903 monen-

165 1943 257 1983 dum
289 1947 368 1993 est,
409 1943 603 1983 actionem
640 1943 690 1982 de
720 1943 912 1997 pauperie
943 1943 1135 1983 adversus
1167 1943 1366 1983 dominum
1397 1944 1486 1983 ani—

210 2135 248 2176 ἑξ)
277 2133 390 2176 &luds
417 2134 460 2169 10
486 2134 555 2170 5817.
581 2135 602 2169 2
630 2133 730 2178 aba).
755 2146 787 2179 p.
813 2134 893 2170 281.

188 2195 244 2237 Μ)
270 2196 438 2230 Zimmern
464 2195 596 2242 &ostem
620 2208 652 2240 p.
678 2195 830 2232 84—85.

165 2257 243 2299 Μᾗ)
276 2258 298 2291 l.
324 2257 356 2291 4.
381 2258 422 2292 D.
447 2259 479 2292 h.
504 2265 526 2292 t.
575 2259 655 2292 Haec
681 2261 770 2292 actio
795 2259 883 2294 utilis
910 2261 1081 2303 competit,
1108 2262 1170 2294 etsi
1189 2271 1258 2294 non
1281 2260 1485 2303 quadrupes,

282 2320 344 2353 sed
370 2321 462 2353 aliud
487 2321 609 2354 animal
636 2323 834 2364 pauperiem
859 2322 950 2355 fecit.

212 2380 255 2422 ᾧ)
281 2381 302 2414 l.
327 2379 406 2416 203.
431 2382 471 2415 D.
499 2383 542 2416 de
567 2394 638 2427 reg.
660 2383 727 2426 jur.
755 2382 808 2424 (L.
837 2381 910 2425 17).

189 2443 257 2485 ††)
284 2443 305 2477 l.
332 2443 362 2476 1.
389 2445 423 2485 ὃ.
450 2443 481 2478 4.
507 2444 538 2478 5.
565 2443 586 2478 6
612 2451 645 2478 et
669 2444 700 2478 7.
726 2444 802 2489 Dig.
828 2445 860 2479 h.
889 2451 910 2478 t.
