1712 2861
791 111 859 161 83

168 249 426 292 damnificatio
465 261 540 304 per
578 249 718 290 animal
751 249 918 300 exstitit,
958 247 1113 289 fundari
1143 248 1268 302 possit
1299 247 1485 301 obligatio

170 333 317 373 domini
353 331 623 371 resarcitionis
660 330 916 383 praestandae,
955 330 990 370 si
1028 342 1103 370 nec
1140 329 1233 370 dolo
1269 341 1346 369 nec
1375 329 1488 382 culpa

170 411 470 453 damnificationi
499 423 655 451 causam
686 410 806 451 dedit.
859 410 1010 458 Quodsi
1040 410 1194 460 animal,
1225 410 1338 462 cujus
1368 409 1489 449 indo-

169 493 228 533 les
258 503 339 532 uon
369 504 430 532 ea·
447 496 527 542 est,
569 495 611 530 ut
639 492 886 544 probabilem
916 491 1111 531 rationem
1142 490 1327 530 exhibeat
1356 494 1489 530 metu-

169 573 262 614 endi
289 584 341 614 ne
371 573 554 614 damnum
583 571 747 623 inferat,
785 572 863 612 tale
892 572 1084 622 intulerit,
1115 582 1283 611 necesse
1309 575 1369 610 est
1397 575 1488 610 tan-

168 666 287 707 quam
317 640 474 694 casuale
503 657 726 707 spectetur,
765 653 872 706 quod
901 658 1093 706 praestare
1114 652 1261 693 domini
1289 662 1372 692 non
1401 654 1501 691 ma-‘

168 734 233 788 gis
271 738 352 785 est,
391 745 508 787 quam
545 733 728 774 damnum
767 717 935 787 quodvis
974 733 1078 774 aliud
1116 744 1191 786 per
1229 733 1308 773 vim
1337 736 1490 772 naturae

169 814 326 864 factum,
356 826 432 855 nec
453 815 681 868 negandum
706 819 779 865 est,
811 827 898 854 eam
921 814 1114 854 theoriam
1138 813 1309 866 aequitati
1331 824 1490 866 repug-

167 905 287 945 nare,
319 906 407 947 quae
436 895 489 935 ita
518 895 568 935 ad
598 895 782 935 damnum
811 907 834 934 a
865 906 1105 947 quocunque
1136 894 1392 934 avertendum
1424 893 1490 932 ni-

167 978 284 1025 tatur,
314 979 357 1014 ut
385 974 464 1015 hoc
491 975 620 1029 ipsum
650 975 690 1015 in
720 987 811 1015 eum
841 974 1065 1026 transferat,
1096 975 1135 1015 in
1161 987 1241 1028 quo
1265 975 1368 1015 ratio
1400 974 1492 1014 exi-

167 1056 322 1096 stentiae
361 1056 447 1109 ejus
485 1067 566 1096 non
603 1056 733 1109 posita
763 1056 814 1095 sit
842 1060 881 1095 et
912 1056 979 1108 qui
1009 1055 1221 1109 specialem
1251 1056 1339 1109 ejus
1371 1066 1491 1109 occa-

167 1136 323 1176 sionem
353 1135 514 1177 dedisse
551 1141 661 1176 recte
691 1136 897 1191 perhiberi
934 1148 1016 1176 non
1045 1137 1183 1190 possit.
1243 1136 1377 1185 Quare
1408 1140 1492 1177 sta-

168 1217 334 1268 tuimus,
364 1229 417 1257 ex
445 1217 506 1258 rei
536 1222 674 1257 natura
706 1217 989 1271 obligationem
1019 1217 1170 1269 damni,
1202 1218 1314 1271 cujus
1344 1217 1491 1258 mentio

169 1296 233 1337 hic
262 1297 315 1348 fit,
343 1298 591 1338 resarciendi
614 1310 695 1338 non
720 1298 877 1339 fundari
902 1310 1024 1352 posse
1048 1311 1099 1339 eo
1124 1299 1211 1339 solo
1234 1298 1353 1349 facto,
1386 1298 1495 1351 quod

171 1379 259 1430 quis
290 1378 430 1419 animal
458 1390 609 1419 nocens
637 1379 843 1430 habuerit,
881 1379 958 1419 nisi
995 1379 1074 1420 hoc
1110 1380 1161 1419 sit
1199 1380 1285 1433 ejus
1315 1379 1493 1433 generis,

171 1459 282 1512 cujus
312 1459 466 1500 indoles
496 1460 684 1500 naturalis
714 1459 838 1510 ferat,
877 1464 920 1499 ut
948 1460 999 1500 ad
1030 1460 1212 1500 damnum
1242 1459 1493 1500 inferendum

168 1540 221 1580 sit
257 1540 458 1593 proclive,
496 1540 562 1580 vel
599 1540 757 1591 saltem,
798 1541 974 1594 quamvis
1010 1541 1096 1594 ejus
1127 1540 1290 1594 generis
1319 1551 1401 1580 non
1431 1541 1494 1591 sit,

171 1619 355 1661 damnum
383 1621 494 1674 prius
519 1621 600 1674 jam
623 1621 832 1663 inferendo
858 1633 1015 1662 causam
1037 1622 1256 1675 praebuerit
1278 1620 1494 1672 metuendi,

169 1712 222 1741 ne
253 1701 342 1742 data
373 1702 583 1742 occasione
614 1702 746 1743 denuo
777 1707 934 1743 noceat.

287 1781 385 1823 Sunt
412 1782 533 1835 igitur
563 1788 762 1837 praecepta
787 1784 889 1837 juris
919 1784 1059 1835 nostri,
1091 1788 1283 1837 quatenus
1314 1795 1387 1825 eos
1422 1796 1493 1824 ca-

168 1873 238 1903 sus
267 1862 478 1914 excedunt,
507 1863 547 1903 in
579 1864 721 1916 quibus
753 1864 1034 1918 obligationem
1065 1865 1195 1905 damni
1223 1865 1494 1906 resarcitionis

169 1943 314 1984 adesse
342 1955 472 1996 nnper
502 1942 728 1995 docuimus,
767 1945 819 1985 ita
847 1946 1038 1998 positiva,
1080 1950 1124 1986 ut
1150 1946 1317 1992 naturali
1346 1945 1494 1986 sunda-

170 2029 303 2064 mento
343 2024 502 2065 omnino
534 2025 717 2065 destituta
753 2026 849 2077 sint,
887 2027 994 2067 unde
1024 2027 1223 2079 sequitur,
1261 2031 1304 2067 ut
1333 2027 1495 2067 extendi

169 2116 252 2146 non
282 2105 472 2156 debeant3
504 2106 612 2159 quod
644 2112 723 2160 quo
754 2108 882 2148 minus
912 2107 977 2148 fiat
1004 2108 1120 2161 leges
1149 2107 1247 2162 ipsae
1275 2107 1493 2161 prohibere

99 2188 102 2191 '
171 2186 368 2227 videntur.

289 2267 330 2309 Si
361 2268 492 2310 codex
529 2281 611 2310 non
649 2269 724 2310 nisi
763 2269 801 2309 in
834 2267 944 2310 6-10
975 2269 1157 2310 damnum
1187 2269 1235 2309 ab
1268 2269 1494 2309 animalibus

174 2349 307 2389 datum
346 2349 559 2403 attigisset,
608 2350 793 2391 adessent
836 2350 973 2391 forsan
1012 2363 1100 2404 quae
1140 2363 1226 2391 eam
1264 2350 1495 2391 sententiam

173 2430 508 2482 commendarent,
541 2443 591 2471 ex
622 2443 698 2484 qua
729 2436 929 2486 praecepta
951 2431 1067 2486 huJ'us
1091 2432 1229 2486 capitis
1252 2432 1293 2472 in
1314 2432 1496 2472 damnum

173 2511 308 2563 rebus,
338 2512 412 2553 sub
443 2512 577 2553 verbis
608 2513 692 2565 ejus
723 2525 803 2554 non
835 2513 1158 2567 comprehensis,
1187 2514 1333 2555 illatum
1363 2519 1496 2555 trans-

1179 2592 1233 2635 Gr*
