1712 2861
795 119 860 169 25

170 261 266 300 istos
297 264 460 299 conatus
490 246 710 311 praecepta,
750 267 838 308 quae
876 256 978 296 inter
1016 267 1061 295 se
1100 254 1329 308 discrepare
1358 253 1486 308 primo

171 345 333 394 aspectu
362 319 563 388 videntur,
595 337 827 377 conciliandi
857 338 999 376 missos
1028 335 1213 387 facimus,
1253 348 1332 388 quo
1363 335 1488 388 magis

172 422 211 460 in
236 421 382 472 s‘cripto
407 430 536 472 nuper
559 417 768 467 laudato&
795 418 910 458 talem
939 416 1133 456 theoriam
1163 416 1357 456 Zinunern
1389 427 1487 455 con-

173 501 310 550 stituit,
351 511 466 552 quain
501 499 618 538 unice
648 497 891 552 probandam
921 509 1012 538 esse
1041 497 1147 536 haud
1178 496 1291 536 facile
1323 496 1490 536 dubitari

173 581 310 634 possit.
371 580 438 620 llle
467 580 634 619 remita
667 579 847 632 explicat.

290 660 425 713 Leges
456 661 597 700 actioni
628 660 678 700 de
708 659 898 712 pauperie
926 658 1205 711 quadrupedes
1231 668 1368 698 omnes
1394 656 1492 696 sub-

170 741 330 794 jiciunt,
369 741 483 781 simul
511 752 610 780 vero
642 741 827 793 exigunt,
867 742 914 778 ut'
939 743 1076 780 contra
1104 743 1282 778 naturam
1313 737 1494 777 damnum

177 821 371 871 dederint,
403 833 526 873 quare
558 820 687 873 quoad
718 821 911 873 singulam
942 819 1118 872 quamvis
1147 818 1313 858 classem
1344 817 1494 856 anima-

175 901 269 941 lium
301 901 502 953 quaeritur‚
534 900 627 952 quid
659 900 706 940 ab
738 901 785 940 iis
816 905 954 940 contra
991 904 1168 938 naturam
1200 899 1264 951 agi
1295 898 1495 937 aestiman-

178 981 270 1022 dum
308 981 368 1021 sit.
429 981 473 1021 In
519 981 747 1021 animalibus
793 980 1005 1020 mansvetis
1047 984 1184 1020 contra
1221 984 1399 1018 naturam
1438 982 1498 1017 est

180 1063 328 1115 quaevis
359 1061 516 1112 feritas,
557 1074 645 1114 quae
676 1063 762 1102 sine
791 1062 978 1114 instigatu
1009 1065 1175 1100 externo
1207 1060 1370 1107 exstitit3
1411 1070 1497 1097 cuin

179 1155 279 1183 vero
310 1144 350 1183 in
380 1143 608 1183 animalibus
640 1143 736 1183 seris
767 1143 883 1182 etiam
914 1154 962 1181 ea
992 1140 1150 1191 feritas,
1199 1152 1286 1192 quae
1317 1140 1402 1178 sine
1433 1139 1499 1178 in-

181 1224 325 1277 stigatu
364 1223 495 1274 adest,
540 1228 689 1264 naturae
719 1224 896 1276 ipsorum
927 1221 1124 1270 convenit,
1158 1225 1294 1260 contra
1323 1224 1500 1260 naturam

182 1316 263 1344 non
288 1304 446 1356 quidem
479 1304 608 1345 datum
633 1309 693 1344 est
717 1305 912 1354 damnum,
944 1302 1052 1356 quod
1081 1302 1121 1340 in
1151 1306 1251 1341 statu
1279 1301 1406 1340 libero
1438 1300 1501 1339 in-

184 1385 369 1434 tulerunt,
400 1384 473 1424 sed
502 1385 578 1424 tale
608 1384 832 1425 habendum
862 1388 923 1423 est
953 1384 1012 1434 id,
1046 1383 1153 1435 quod
1184 1382 1275 1423 dum
1305 1382 1344 1420 in
1377 1381 1502 1433 capti-

183 1465 302 1505 vitate
332 1465 620 1516 detinebantur,
651 1469 931 1515 exercuerunt‚
962 1464 1109 1517 quippe
1142 1474 1260 1515 quum
1284 1461 1427 1501 factum
1454 1473 1505 1500 ex

185 1544 342 1585 feritate
366 1549 532 1586 connata
558 1546 767 1586 oriundum
790 1557 871 1585 non
895 1545 1021 1598 magis
1055 1544 1102 1583 ab
1126 1529 1187 1593 iis{
1213 1554 1301 1595 quae
1325 1546 1367 1582 ut
1390 1552 1505 1580 man-

187 1626 362 1666 svefacta
392 1626 606 1679 spectanda
635 1631 744 1677 sunt,
785 1638 901 1678 quam
941 1626 988 1666 ab
1020 1625 1250 1665 animalibus
1279 1622 1506 1671 mansvetis,

189 1707 496 1760 exspectandum
526 1707 588 1757 sit,
620 1707 727 1759 quod
757 1706 847 1757 fert,
877 1710 920 1747 ut
949 1705 1084 1746 feritas
1114 1705 1292 1757 ipsorum
1321 1703 1507 1743 naturalis

187 1799 270 1828 non
299 1788 409 1841 prius
441 1787 623 1827 aestimari
653 1787 791 1840 possit,
823 1799 937 1839 quam
977 1799 1029 1827 ex
1059 1786 1280 1838 captivitate
1312 1783 1511 1824 evaserint

190 1873 307 1921 atque
337 1872 489 1908 naturae
518 1872 696 1921 ipsorum
727 1873 995 1921 congruenter
1024 1878 1146 1920 agere
1175 1866 1341 1919 possint.

307 1948 441 1988 Monet
469 1960 594 2001 porro
627 1949 844 1999 Zimmern,
891 1961 943 1988 ex
980 1953 1120 1988 natura
1160 1947 1323 1987 actionis
1353 1943 1511 1985 noxalis

192 2041 361 2070 necesse
393 2040 505 2080 esse,
550 2034 592 2070 ut
630 2029 772 2069 animal
810 2028 939 2070 ferum
963 2017 1149 2081 ‘tempore
1177 2027 1254 2067 litis
1285 2029 1511 2066 contestatae

194 2110 244 2151 sit
272 2111 312 2150 in
344 2110 518 2150 dominio
550 2111 813 2161 constitutum,
844 2122 919 2150 nec
949 2121 1112 2150 cessare
1137 2108 1423 2149 distinctionem
1447 2106 1513 2145 in-

194 2197 256 2232 ter
287 2196 446 2244 „contra
476 2192 676 2232 naturanr‘
717 2196 757 2232 et
795 2191 1033 2243 „secundum
1062 2195 1241 2232 naturam
1251 2190 1285 2241 ‚⁶⁴
1333 2186 1514 2241 damnum

858 2339 879 2350 x

313 2411 387 2434 mm
412 2399 576 2432 mularum
601 2400 657 2444 agi
681 2410 750 2433 non
777 2411 896 2444 posse,
923 2401 1085 2446 quoniam
1110 2409 1179 2433 non
1204 2408 1265 2431 sua
1289 2400 1430 2441 sponte,
1456 2392 1517 2427 scd
1559 2388 1563 2391 ’

314 2471 485 2506 percussae
510 2467 600 2495 retro
624 2462 822 2496 redissent.“
1175 2450 1179 2453 Δ

247 2525 285 2566 θ)
318 2534 396 2568 pag.
424 2522 615 2558 102—105}
