1712 2861
827 124 892 172 22

203 261 321 301 tentia
353 271 402 299 eo
434 259 550 298 etiam
581 259 883 311 comprobatur,
936 258 1043 311 quod
1075 272 1126 299 ex
1155 259 1179 298 l.
1212 256 1252 298 2.
1286 264 1324 307 ς.
1356 258 1396 300 2.
1427 261 1518 314 Dig.

205 340 253 380 ad
283 340 362 392 leg.
394 340 470 391 Aq.
503 338 590 387 (IX.
624 336 689 387 2.)
730 341 837 379 canis
866 340 968 379 inter
997 340 1173 393 pecudes
1203 341 1476 389 noneste-³13.

318 420 476 460 Actioni
515 419 565 460 de
614 421 806 473 pauperie
843 420 974 482 locum
1017 433 1130 471 esse,
1177 420 1333 473 quando
1382 419 1521 460 animal

205 499 333 541 ferum
373 500 554 540 damnum
592 500 784 549 intulerit,
830 500 948 540 docet
985 501 1157 554 denique
1188 505 1214 549 §
1247 500 1285 540 1.
1317 501 1350 540 si
1382 499 1520 552 quadr.

207 580 293 631 (IV,
325 578 389 630 9).
459 581 587 621 Allato
618 581 768 621 scilicet
799 579 927 620 edicto
961 581 1140 631 aedilitio,
1187 593 1238 621 ex
1269 592 1348 633 quo
1378 579 1522 633 prohi-

205 662 320 701 betur
345 672 496 710 canem,
525 671 699 710 verrem,
730 671 882 714 aprum,
913 671 1064 710 ursum,
1093 661 1253 700 leonem
1277 661 1328 700 ibi
1357 660 1522 710 habere,

206 742 272 781 ubi
304 742 422 794 vulgo
452 741 529 781 iter
558 739 611 790 fit,
630 745 759 792 ‘atque
785 744 905 779 certae
930 740 1096 780 aedilitiae
1122 741 1311 791 actiones,
1343 740 1376 780 si
1408 739 1523 779 dam-

207 834 299 862 num
338 821 482 861 factum
528 820 667 869 fuerit,
713 820 999 871 conceduntur,
1039 821 1198 860 dicitur:
1245 825 1414 873 „praeter
1450 819 1524 859 has

208 907 338 942 autem
370 901 545 941 aedilitias
583 901 758 941 actiones
797 905 837 941 et
873 901 924 941 dc
963 902 1153 954 pauperie
1192 901 1323 940 locum
1354 899 1524 939 habebit.

207 983 415 1035 Nunquam
446 982 548 1023 enim
579 981 776 1032 actiones,
805 982 1026 1035 praesertim
1056 982 1270 1035 poenales,
1308 982 1381 1021 alia
1412 981 1524 1020 aliam

213 1064 443 1104 consumit.“

804 1186 837 1240 ᾗ
892 1182 937 1229 7.

722 1297 1017 1344 Οοηίίηηαίίο.

327 1411 389 1451 Ad
420 1412 498 1451 vim
529 1422 668 1451 eorum
700 1414 1043 1464 argumentorum,
1094 1422 1182 1462 quae
1213 1411 1394 1464 exposita
1425 1415 1528 1461 sunt,

212 1491 515 1545 infringendam,
546 1495 626 1531 tum
655 1491 680 1531 l.
714 1490 751 1530 1.
784 1495 823 1538 ὃ.
857 1489 925 1531 10.
957 1491 1048 1544 Dig.
1088 1492 1121 1531 si
1153 1491 1290 1543 quadr.
1323 1491 1529 1544 allegave-

258 1655 297 1697 ᾖ)
323 1653 402 1687 Haec
435 1652 542 1685 verba
576 1662 629 1693 ea,
662 1661 737 1695 quae
773 1661 814 1684 ex
844 1651 885 1684 iis
920 1650 1044 1684 deduci
1075 1662 1177 1695 posse
1210 1653 1406 1694 opinamur,
1449 1660 1531 1684 vere

329 1717 518 1760 continere,
544 1711 667 1755 elucet,
691 1718 728 1745 ut
750 1712 852 1746 nobis
875 1712 1030 1755 videtur,
1066 1723 1109 1746 ex
1133 1723 1176 1762 eo
1201 1713 1306 1746 modo
1332 1723 1400 1756 quo
1424 1713 1532 1745 verba

330 1777 523 1822 quadrupes
556 1780 590 1808 et
621 1765 830 1818 pecustum
862 1775 897 1807 in
929 1774 952 1808 l.
976 1773 1009 1808 2.
1036 1776 1070 1816 δ.
1095 1773 1129 1808 2.
1153 1775 1190 1808 Ρ.
1215 1774 1292 1818 Dig.
1325 1775 1358 1807 h.
1383 1779 1425 1816 t.,
1462 1779 1531 1807 tum

330 1842 364 1873 in
397 1838 420 1872 l.
450 1836 483 1871 2.
510 1838 545 1878 §.
570 1835 602 1869 2.
636 1834 727 1881 eod2
748 1841 960 1878 usurpantur.
1025 1835 1062 1868 In
1101 1837 1217 1878 priore
1263 1836 1343 1869 loco
1376 1837 1532 1869 nimirum

332 1900 470 1934 dicitur:
508 1898 620 1942 „Lege
651 1896 788 1941 Aquilia
821 1898 932 1940 capite
966 1898 1074 1941 primo
1109 1903 1265 1930 cavetur:
1304 1898 1361 1941 qui
1397 1908 1531 1930 servum

330 1971 526 2003 servamve,
564 1960 712 1993 alienum
744 1958 955 2000 alienamve,
992 1957 1249 2003 quadrupedem
1272 1958 1328 1992 vel
1351 1958 1533 2002 pecudem,

332 2024 456 2066 injuria
480 2022 672 2056 occiderit“
697 2038 741 2045 —--
774 2026 875 2065 atque
899 2022 934 2053 in
958 2022 1140 2064 posteriori
1176 2025 1233 2062 „ut
1255 2021 1357 2065 igitur
1382 2025 1534 2064 apparet,

332 2087 439 2118 servis
465 2083 625 2127 (nostris)
652 2088 806 2128 exaequat
830 2082 896 2125 (sc.
922 2082 977 2115 lex
1000 2082 1155 2126 Aquilia)
1183 2082 1433 2126 quadrupedes,
1459 2092 1534 2126 quae

332 2146 503 2192 pecudum
542 2155 683 2178 numero
717 2150 794 2177 sunt
825 2150 859 2177 et
890 2146 1055 2188 gregatim
1088 2143 1273 2185 habentur,
1307 2143 1411 2176 veluti
1437 2153 1533 2184 oves,

334 2218 457 2251 caprae,
477 2208 597 2248 boves,
620 2208 712 2250 equi,
726 2206 819 2247 muli,
846 2207 941 2239 asini.
981 2206 1048 2239 Sed
1063 2215 1105 2238 an
1126 2216 1203 2237 sues
1223 2205 1393 2248 pecudum
1415 2205 1535 2248 appel-

333 2268 462 2303 latione
495 2271 750 2308 contineantur,
793 2267 977 2311 quaeritur?
1024 2267 1067 2300 Et
1097 2271 1190 2299 recte
1224 2266 1378 2300 Labeoni
1409 2266 1536 2310 placet,

334 2333 521 2373 contineri,
558 2331 619 2363 scd
652 2332 745 2363 canis
778 2331 865 2362 inter
888 2329 1039 2373 pecudes
1070 2339 1140 2361 non
1166 2329 1246 2361 est.“
1304 2328 1375 2362 Nec
1401 2333 1451 2361 est
1475 2339 1534 2361 cur

336 2404 377 2427 ca
408 2394 576 2427 sententia
615 2392 814 2435 adoptetur,
859 2402 900 2424 ex
942 2402 1008 2435 qua
1045 2390 1187 2423 verbum
1228 2390 1420 2434 quadrupes
1467 2390 1534 2422 alio

335 2466 438 2488 sensu
471 2456 505 2487 in
537 2454 633 2487 titulo
658 2454 735 2498 Dig.
761 2455 789 2486 si
815 2454 932 2497 quadr.
966 2453 1038 2495 (lx.
1066 2453 1116 2494 1.)
1152 2463 1251 2496 quam
1276 2453 1310 2486 in
1334 2452 1430 2486 titulo
1456 2451 1532 2495 Dig.

340 2518 381 2549 ad
408 2518 473 2560 leg.
500 2516 562 2559 Aq,
590 2515 661 2556 (lx.
687 2514 740 2556 2.)
768 2516 953 2549 adhibitum
980 2525 1055 2548 esse
1081 2515 1241 2547 statuitur.

1703 2790 1712 2861 mn..
1707 2722 1712 2774 ......
1708 2677 1712 2697 ‚e
