1712 2861
856 116 921 165 72

232 255 371 303 ciendi,
402 254 468 293 ubi
499 253 676 306 pecudes
706 258 806 293 mtra
836 254 1026 306 apiarium
1050 257 1199 292 necatae
1224 251 1383 302 fuerint,
1415 251 1546 293 domi-

231 347 281 374 no
314 347 428 397 apum
459 335 625 387 injungit
655 335 838 374 articulus
862 335 1012 384 tertius,
1043 346 1198 373 causam
1223 333 1408 383 afferens,
1440 333 1547 384 quod

231 416 420 466 apiarium
467 426 581 454 suum
627 426 707 454 non
748 416 855 468 Justo
894 415 1012 454 modo
1044 414 1374 466 circumsepserit.
1450 413 1547 460 Quae

233 495 361 534 omnia
393 500 592 547 praecepta
620 496 681 535 rei
712 500 860 536 naturae
892 495 1051 535 omnino
1090 499 1324 547 congruunt.
1387 493 1550 533 Cautum

225 577 404 627 denique
435 581 495 615 est
524 576 564 614 in
594 576 754 615 articulo
785 573 873 626 4t0,
903 581 946 615 ut
975 576 1009 614 si
1039 587 1135 626 apes
1167 575 1328 626 alicujus
1359 573 1549 613 avolave*

231 657 307 695 rint
354 660 469 707 atque
508 656 646 707 apibus
684 656 844 694 alterius
874 667 918 695 se
950 654 1248 704 immiscuerint,
1288 653 1351 692 ille
1391 653 1549 693 domino

231 737 369 776 harum
395 748 511 789 apum
536 736 851 775 communionem
876 736 1049 775 omnium
1074 732 1223 773 offerre
1249 733 1392 774 debeat
1400 747 1412 782 ;
1445 733 1551 786 quod

233 819 266 857 si
304 829 403 857 vero
442 817 543 856 hanc
581 816 846 856 conditionem
885 816 1067 868 accipere
1107 815 1279 854 noluerit
1309 817 1426 865 atque
1455 824 1552 865 apes

235 898 320 950 ejus
352 911 372 937 a
404 898 547 937 ceteris
578 897 721 937 occisa>
753 897 851 947 siut,
899 896 985 949 ipsc
1025 897 1206 937 damnum
1237 895 1311 935 sibi
1342 893 1550 939 adscribat.

825 1051 858 1106 ξ
893 1043 974 1094 25.

239 1177 306 1223 De
343 1176 499 1222 (Iamno
545 1174 679 1222 rebus
723 1176 978 1221 inanimatis
1022 1172 1079 1219 ab
1117 1173 1379 1219 animalibus
1414 1173 1555 1218 illa-lo.

354 1301 468 1341 Circa
506 1300 546 1340 id
584 1300 786 1351 damnum,
828 1300 933 1352 quod
973 1300 1149 1340 animalia
1187 1299 1309 1339 rebus
1339 1297 1556 1337 inanimatis

237 1383 400 1436 alicujus
431 1381 626 1432 inferunt,
665 1393 746 1421 non
777 1385 931 1421 exstant
961 1380 1049 1421 fere
1079 1381 1152 1420 alia
1181 1383 1402 1432 praecepta,
1442 1389 1557 1430 quam

238 1475 326 1516 quae
357 1463 558 1502 materiam
590 1462 639 1501 de
664 1462 874 1501 securitate
899 1461 947 1500 ab
971 1461 1175 1501 invasione
1200 1460 1421 1500 animalium
1447 1458 1557 1511 agris

238 1543 499 1596 comparanda
530 1546 727 1595 spectant,
768 1554 856 1594 quae
888 1541 1046 1594 quidem
1077 1541 1250 1581 decursu
1279 1540 1471 1592 temporis
1501 1543 1560 1579 tot

237 1623 548 1664 modificationes
579 1623 804 1672 subierunt,
843 1626 887 1661 ut
915 1622 1147 1675 praescripta
1177 1633 1281 1660 nunc
1309 1620 1439 1660 valida
1469 1631 1559 1659 om·-

237 1705 331 1744 nino
364 1705 410 1744 ab
441 1704 510 1755 iis,
551 1715 660 1756 quae,
703 1715 754 1743 ex
792 1704 959 1756 antiquis
993 1702 1151 1754 legibus
1182 1701 1381 1750 desumta,
1420 1699 1559 1740 codice

240 1785 486 1826 Christianeo
518 1785 841 1834 continebantur,
870 1782 1072 1822 recedant.
1119 1781 1259 1822 Codex
1282 1782 1464 1820 nimirum
1488 1771 1582 1820 re->

240 1867 369 1919 gulam
393 1865 621 1918 generalem
645 1869 833 1914 statuens,
866 1856 1049 1916 cujusvis,
1082 1863 1148 1915 qui
1173 1863 1424 1902 securitatem
1451 1861 1559 1913 agris

239 1947 320 1987 suis
351 1957 583 1998 comparare
612 1945 718 1994 velit,
750 1956 840 1984 esse
871 1954 991 1996 sepes
1024 1942 1274 1983 necessarias
1305 1942 1560 1991 constituere,

241 2021 399 2067 domino
431 2026 603 2066 animalis
633 2024 1128 2080 nocentisyobligationem
1157 2022 1427 2062 resarcitionis
1450 2032 1562 2074 prae-

241 2107 389 2148 standae
406 2118 485 2147 non
500 2107 681 2159 injungit,
707 2117 785 2158 quo
801 2109 989 2158 respectu
1005 2104 1168 2157 allegari
1182 2108 1348 2156 possunt
1364 2098 1560 2142 3-13-40

243 2194 282 2229 et
311 2186 381 2239 41,
414 2200 582 2240 quorum
613 2187 864 2227 articulorum
886 2186 998 2238 prior
1023 2184 1140 2225 docet
1165 2196 1268 2234 eum,
1301 2183 1368 2236 qui
1394 2183 1563 2234 aliquam

242 2275 360 2309 terrae
390 2274 543 2323 partem
574 2268 782 2321 antiquitus
813 2279 894 2307 non
924 2270 1167 2318 conseptam,
1200 2276 1316 2317 quam
1344 2275 1445 2304 vero
1477 2262 1561 2303 dis-

244 2351 376 2403 sepire
413 2351 546 2399 liceat,
594 2349 812 2402 sepimento
852 2347 1042 2397 includat,
1081 2346 1196 2385 talem
1229 2357 1366 2398 sepem
1405 2348 1561 2384 struere

245 2431 408 2479 debere,
441 2430 593 2482 qualem
624 2429 809 2470 sufficere
840 2440 959 2482 posse
991 2428 1201 2477 existimet,
1232 2427 1349 2479 eique
1381 2424 1455 2477 ipsi
1486 2423 1561 2463 ad-

245 2511 478 2565 signandum
510 2523 600 2551 esse
633 2511 833 2560 damnum,
877 2509 983 2562 quod
1015 2522 1066 2549 ex
1095 2520 1193 2561 sepe
1222 2518 1302 2546 non
1332 2505 1425 2546 satis
1458 2505 1560 2545 hona
