<?xml version="1.0" encoding="UTF-8"?>
<!DOCTYPE html PUBLIC "-//W3C//DTD XHTML 1.0 Transitional//EN"
    "http://www.w3.org/TR/xhtml1/DTD/xhtml1-transitional.dtd">
<html xmlns="http://www.w3.org/1999/xhtml" xml:lang="en" lang="en">
 <head>
  <title>
</title>
<meta http-equiv="Content-Type" content="text/html;charset=utf-8" />
  <meta name='ocr-system' content='tesseract 3.04.00' />
  <meta name='ocr-capabilities' content='ocr_page ocr_carea ocr_par ocr_line ocrx_word'/>
</head>
<body>
  <div class='ocr_page' id='page_1' title='image "./dedamnoabanimali00cass_0076.png"; bbox 0 0 1712 2861; ppageno 0'>
   <div class='ocr_carea' id='block_1_1' title="bbox 860 103 972 179">
    <p class='ocr_par' dir='ltr' id='par_1_1' title="bbox 860 103 972 179">
     <span class='ocr_line' id='line_1_1' title="bbox 860 103 972 179; baseline -0.009 -27"><span class='ocrx_word' id='word_1_1' title='bbox 860 103 972 179; x_wconf 22' lang='lat' dir='ltr'>es,</span> 
     </span>
    </p>
   </div>
   <div class='ocr_carea' id='block_1_2' title="bbox 237 238 1618 2392">
    <p class='ocr_par' dir='ltr' id='par_1_2' title="bbox 237 238 1559 1005">
     <span class='ocr_line' id='line_1_2' title="bbox 237 238 1551 296; baseline 0.001 -15"><span class='ocrx_word' id='word_1_2' title='bbox 237 241 354 282; x_wconf 88' lang='lat' dir='ltr'>tando</span> <span class='ocrx_word' id='word_1_3' title='bbox 387 238 550 282; x_wconf 83' lang='lat'>6-11-2</span> <span class='ocrx_word' id='word_1_4' title='bbox 589 241 640 280; x_wconf 88' lang='lat' dir='ltr'>ita</span> <span class='ocrx_word' id='word_1_5' title='bbox 678 246 719 281; x_wconf 87' lang='lat' dir='ltr'>ut</span> <span class='ocrx_word' id='word_1_6' title='bbox 757 241 986 294; x_wconf 87' lang='lat' dir='ltr'>ampliorem</span> <span class='ocrx_word' id='word_1_7' title='bbox 1016 241 1316 282; x_wconf 87' lang='lat' dir='ltr'>resarcitionem</span> <span class='ocrx_word' id='word_1_8' title='bbox 1347 243 1551 296; x_wconf 84' lang='lat' dir='ltr'>assignare</span> 
     </span>
     <span class='ocr_line' id='line_1_3' title="bbox 238 320 1553 374; baseline 0.002 -13"><span class='ocrx_word' id='word_1_9' title='bbox 238 326 439 372; x_wconf 81' lang='lat' dir='ltr'>statuatur,</span> <span class='ocrx_word' id='word_1_10' title='bbox 469 320 693 374; x_wconf 79' lang='lat' dir='ltr'>prohibent,</span> <span class='ocrx_word' id='word_1_11' title='bbox 724 322 757 361; x_wconf 90' lang='lat' dir='ltr'>si</span> <span class='ocrx_word' id='word_1_12' title='bbox 786 333 867 362; x_wconf 90' lang='lat' dir='ltr'>non</span> <span class='ocrx_word' id='word_1_13' title='bbox 898 322 981 362; x_wconf 87' lang='lat' dir='ltr'>aliae</span> <span class='ocrx_word' id='word_1_14' title='bbox 1011 324 1201 374; x_wconf 92' lang='lat' dir='ltr'>rationes,</span> <span class='ocrx_word' id='word_1_15' title='bbox 1232 328 1400 363; x_wconf 79' lang='lat' dir='ltr'>attamen</span> <span class='ocrx_word' id='word_1_16' title='bbox 1429 323 1553 363; x_wconf 83' lang='lat' dir='ltr'>verba</span> 
     </span>
     <span class='ocr_line' id='line_1_4' title="bbox 239 401 1553 456; baseline 0.001 -15"><span class='ocrx_word' id='word_1_17' title='bbox 239 403 324 455; x_wconf 84' lang='lat' dir='ltr'>ejus</span> <span class='ocrx_word' id='word_1_18' title='bbox 364 413 439 456; x_wconf 76' lang='lat' dir='ltr'>„vg</span> <span class='ocrx_word' id='word_1_19' title='bbox 480 408 580 444; x_wconf 65' lang='lat' dir='ltr'>tacere</span> <span class='ocrx_word' id='word_1_20' title='bbox 618 401 689 455; x_wconf 71' lang='lat' dir='ltr'>frte</span> <span class='ocrx_word' id='word_1_21' title='bbox 728 403 788 455; x_wconf 71' lang='lat' dir='ltr'>for</span> <span class='ocrx_word' id='word_1_22' title='bbox 828 403 951 445; x_wconf 76' lang='lat' dir='ltr'>mtben</span> <span class='ocrx_word' id='word_1_23' title='bbox 989 402 1185 453; x_wconf 37' lang='grc' dir='ltr'>ἑὸοῦῆ).</span> <span class='ocrx_word' id='word_1_24' title='bbox 1262 404 1358 452; x_wconf 84' lang='lat' dir='ltr'>Quae</span> <span class='ocrx_word' id='word_1_25' title='bbox 1398 404 1553 443; x_wconf 84' lang='lat' dir='ltr'>ratione</span> 
     </span>
     <span class='ocr_line' id='line_1_5' title="bbox 240 480 1556 536; baseline 0 -14"><span class='ocrx_word' id='word_1_26' title='bbox 240 480 403 523; x_wconf 85' lang='lat'>6-11-2</span> <span class='ocrx_word' id='word_1_27' title='bbox 441 483 494 522; x_wconf 89' lang='lat' dir='ltr'>ita</span> <span class='ocrx_word' id='word_1_28' title='bbox 532 483 809 533; x_wconf 80' lang='lat' dir='ltr'><strong>disseruimus,</strong></span> <span class='ocrx_word' id='word_1_29' title='bbox 849 495 952 523; x_wconf 92' lang='lat' dir='ltr'>nunc</span> <span class='ocrx_word' id='word_1_30' title='bbox 988 485 1198 536; x_wconf 84' lang='lat' dir='ltr'>practicam</span> <span class='ocrx_word' id='word_1_31' title='bbox 1238 481 1436 524; x_wconf 83' lang='lat' dir='ltr'>utilitatem</span> <span class='ocrx_word' id='word_1_32' title='bbox 1473 494 1556 523; x_wconf 93' lang='lat' dir='ltr'>non</span> 
     </span>
     <span class='ocr_line' id='line_1_6' title="bbox 238 563 1557 618; baseline 0.002 -16"><span class='ocrx_word' id='word_1_33' title='bbox 238 563 396 613; x_wconf 88' lang='lat' dir='ltr'>habent,</span> <span class='ocrx_word' id='word_1_34' title='bbox 427 575 513 603; x_wconf 90' lang='lat' dir='ltr'>cum</span> <span class='ocrx_word' id='word_1_35' title='bbox 537 564 716 616; x_wconf 83' lang='lat' dir='ltr'>regulam</span> <span class='ocrx_word' id='word_1_36' title='bbox 741 565 790 604; x_wconf 91' lang='lat' dir='ltr'>de</span> <span class='ocrx_word' id='word_1_37' title='bbox 815 564 1041 604; x_wconf 75' lang='lat' dir='ltr'>laesionibus</span> <span class='ocrx_word' id='word_1_38' title='bbox 1066 565 1227 617; x_wconf 88' lang='lat' dir='ltr'>corpori</span> <span class='ocrx_word' id='word_1_39' title='bbox 1250 564 1449 618; x_wconf 83' lang='lat' dir='ltr'>cujusdam</span> <span class='ocrx_word' id='word_1_40' title='bbox 1465 563 1557 603; x_wconf 90' lang='lat' dir='ltr'>cul-</span> 
     </span>
     <span class='ocr_line' id='line_1_7' title="bbox 240 641 1557 696; baseline 0 -13"><span class='ocrx_word' id='word_1_41' title='bbox 240 655 339 696; x_wconf 87' lang='lat' dir='ltr'>pose</span> <span class='ocrx_word' id='word_1_42' title='bbox 370 644 484 683; x_wconf 85' lang='lat' dir='ltr'>illatis</span> <span class='ocrx_word' id='word_1_43' title='bbox 515 644 740 696; x_wconf 85' lang='lat' dir='ltr'>suppeditet</span> <span class='ocrx_word' id='word_1_44' title='bbox 771 649 896 684; x_wconf 88' lang='lat' dir='ltr'>const.</span> <span class='ocrx_word' id='word_1_45' title='bbox 929 641 958 683; x_wconf 76' lang='lat'>4</span> <span class='ocrx_word' id='word_1_46' title='bbox 983 643 1067 683; x_wconf 87' lang='lat' dir='ltr'>Oct.</span> <span class='ocrx_word' id='word_1_47' title='bbox 1101 641 1212 685; x_wconf 81' lang='lat'>1833</span> <span class='ocrx_word' id='word_1_48' title='bbox 1239 648 1278 692; x_wconf 82' lang='lat'>§.</span> <span class='ocrx_word' id='word_1_49' title='bbox 1303 641 1373 694; x_wconf 82' lang='lat'>28,</span> <span class='ocrx_word' id='word_1_50' title='bbox 1405 656 1457 684; x_wconf 78' lang='lat' dir='ltr'>ex</span> <span class='ocrx_word' id='word_1_51' title='bbox 1481 656 1557 696; x_wconf 88' lang='lat' dir='ltr'>qua</span> 
     </span>
     <span class='ocr_line' id='line_1_8' title="bbox 241 724 1556 777; baseline 0 -13"><span class='ocrx_word' id='word_1_52' title='bbox 241 724 300 775; x_wconf 90' lang='lat' dir='ltr'>ei,</span> <span class='ocrx_word' id='word_1_53' title='bbox 331 724 394 763; x_wconf 90' lang='lat' dir='ltr'>cui</span> <span class='ocrx_word' id='word_1_54' title='bbox 424 724 616 774; x_wconf 89' lang='lat' dir='ltr'>nocitum,</span> <span class='ocrx_word' id='word_1_55' title='bbox 655 725 689 764; x_wconf 90' lang='lat' dir='ltr'>si</span> <span class='ocrx_word' id='word_1_56' title='bbox 719 724 804 777; x_wconf 87' lang='lat' dir='ltr'>ipse</span> <span class='ocrx_word' id='word_1_57' title='bbox 835 725 921 764; x_wconf 90' lang='lat' dir='ltr'>sine</span> <span class='ocrx_word' id='word_1_58' title='bbox 953 724 1065 777; x_wconf 90' lang='lat' dir='ltr'>culpa</span> <span class='ocrx_word' id='word_1_59' title='bbox 1095 729 1177 775; x_wconf 91' lang='lat' dir='ltr'>est,</span> <span class='ocrx_word' id='word_1_60' title='bbox 1207 729 1355 777; x_wconf 85' lang='lat' dir='ltr'>praeter</span> <span class='ocrx_word' id='word_1_61' title='bbox 1384 729 1556 764; x_wconf 90' lang='lat' dir='ltr'>sostrum</span> 
     </span>
     <span class='ocr_line' id='line_1_9' title="bbox 241 802 1559 858; baseline -0.001 -14"><span class='ocrx_word' id='word_1_62' title='bbox 241 809 358 857; x_wconf 84' lang='lat' dir='ltr'>atque</span> <span class='ocrx_word' id='word_1_63' title='bbox 406 802 588 844; x_wconf 82' lang='lat' dir='ltr'>damnum</span> <span class='ocrx_word' id='word_1_64' title='bbox 635 805 934 845; x_wconf 89' lang='lat' dir='ltr'>oeconomicum</span> <span class='ocrx_word' id='word_1_65' title='bbox 981 806 1182 858; x_wconf 82' lang='lat' dir='ltr'>reparatio</span> <span class='ocrx_word' id='word_1_66' title='bbox 1229 804 1451 858; x_wconf 86' lang='lat' dir='ltr'>praestanda</span> <span class='ocrx_word' id='word_1_67' title='bbox 1498 809 1559 844; x_wconf 87' lang='lat' dir='ltr'>est</span> 
     </span>
     <span class='ocr_line' id='line_1_10' title="bbox 242 884 1557 938; baseline 0 -14"><span class='ocrx_word' id='word_1_68' title='bbox 242 886 292 924; x_wconf 86' lang='lat' dir='ltr'>oh</span> <span class='ocrx_word' id='word_1_69' title='bbox 334 884 513 925; x_wconf 90' lang='lat' dir='ltr'>dolorem</span> <span class='ocrx_word' id='word_1_70' title='bbox 553 890 681 938; x_wconf 87' lang='lat' dir='ltr'>atque&#39;</span> <span class='ocrx_word' id='word_1_71' title='bbox 708 887 843 926; x_wconf 88' lang='lat' dir='ltr'>vitium</span> <span class='ocrx_word' id='word_1_72' title='bbox 880 887 945 927; x_wconf 87' lang='lat' dir='ltr'>vel</span> <span class='ocrx_word' id='word_1_73' title='bbox 986 884 1274 928; x_wconf 79' lang='lat' dir='ltr'>deformitatem</span> <span class='ocrx_word' id='word_1_74' title='bbox 1313 897 1364 925; x_wconf 88' lang='lat' dir='ltr'>ex</span> <span class='ocrx_word' id='word_1_75' title='bbox 1392 885 1557 925; x_wconf 85' lang='lat' dir='ltr'>laesione</span> 
     </span>
     <span class='ocr_line' id='line_1_11' title="bbox 243 970 380 1005; baseline 0.007 -2"><span class='ocrx_word' id='word_1_76' title='bbox 243 970 380 1005; x_wconf 87' lang='lat' dir='ltr'>ortam.</span> 
     </span>
    </p>

    <p class='ocr_par' dir='ltr' id='par_1_3' title="bbox 243 1044 1618 2392">
     <span class='ocr_line' id='line_1_12' title="bbox 358 1044 1561 1100; baseline 0.002 -15"><span class='ocrx_word' id='word_1_77' title='bbox 358 1045 445 1085; x_wconf 87' lang='lat' dir='ltr'>Hoc</span> <span class='ocrx_word' id='word_1_78' title='bbox 474 1046 563 1086; x_wconf 93' lang='lat' dir='ltr'>loco</span> <span class='ocrx_word' id='word_1_79' title='bbox 594 1059 719 1099; x_wconf 89' lang='lat' dir='ltr'>porro</span> <span class='ocrx_word' id='word_1_80' title='bbox 751 1048 976 1088; x_wconf 82' lang='lat' dir='ltr'>afferendus</span> <span class='ocrx_word' id='word_1_81' title='bbox 1008 1053 1068 1088; x_wconf 90' lang='lat' dir='ltr'>est</span> <span class='ocrx_word' id='word_1_82' title='bbox 1099 1047 1196 1088; x_wconf 90' lang='lat' dir='ltr'>Cod.</span> <span class='ocrx_word' id='word_1_83' title='bbox 1230 1044 1417 1098; x_wconf 81' lang='lat'>6-10-4,</span> <span class='ocrx_word' id='word_1_84' title='bbox 1448 1047 1561 1100; x_wconf 89' lang='lat' dir='ltr'>cujus</span> 
     </span>
     <span class='ocr_line' id='line_1_13' title="bbox 243 1127 1559 1182; baseline 0.002 -17"><span class='ocrx_word' id='word_1_85' title='bbox 243 1130 518 1179; x_wconf 83' lang='lat' dir='ltr'>argumentum</span> <span class='ocrx_word' id='word_1_86' title='bbox 547 1127 586 1166; x_wconf 89' lang='lat' dir='ltr'>in</span> <span class='ocrx_word' id='word_1_87' title='bbox 617 1127 724 1181; x_wconf 84' lang='lat' dir='ltr'>§pho</span> <span class='ocrx_word' id='word_1_88' title='bbox 756 1129 1014 1169; x_wconf 84' lang='lat' dir='ltr'>antecedente</span> <span class='ocrx_word' id='word_1_89' title='bbox 1040 1130 1120 1182; x_wconf 88' lang='lat' dir='ltr'>jam</span> <span class='ocrx_word' id='word_1_90' title='bbox 1151 1129 1420 1182; x_wconf 87' lang='lat' dir='ltr'>exposuimus.</span> <span class='ocrx_word' id='word_1_91' title='bbox 1467 1127 1559 1168; x_wconf 88' lang='lat' dir='ltr'>Mo-</span> 
     </span>
     <span class='ocr_line' id='line_1_14' title="bbox 243 1206 1561 1263; baseline 0.002 -18"><span class='ocrx_word' id='word_1_92' title='bbox 243 1207 398 1246; x_wconf 90' lang='lat' dir='ltr'>nuimus</span> <span class='ocrx_word' id='word_1_93' title='bbox 437 1207 476 1246; x_wconf 90' lang='lat' dir='ltr'>in</span> <span class='ocrx_word' id='word_1_94' title='bbox 521 1208 585 1248; x_wconf 91' lang='lat' dir='ltr'>illa</span> <span class='ocrx_word' id='word_1_95' title='bbox 633 1208 762 1262; x_wconf 84' lang='lat' dir='ltr'>§ph0,</span> <span class='ocrx_word' id='word_1_96' title='bbox 814 1215 1057 1263; x_wconf 85' lang='lat' dir='ltr'>praeceptum</span> <span class='ocrx_word' id='word_1_97' title='bbox 1105 1211 1190 1263; x_wconf 89' lang='lat' dir='ltr'>ejus</span> <span class='ocrx_word' id='word_1_98' title='bbox 1236 1208 1376 1262; x_wconf 60' lang='lat' dir='ltr'>„ibt-*ub</span> <span class='ocrx_word' id='word_1_99' title='bbox 1426 1206 1561 1249; x_wconf 64' lang='lat' dir='ltr'>&amp;abe</span> 
     </span>
     <span class='ocr_line' id='line_1_15' title="bbox 243 1287 1562 1343; baseline 0.001 -15"><span class='ocrx_word' id='word_1_100' title='bbox 243 1289 289 1328; x_wconf 73' lang='lat' dir='ltr'>be</span> <span class='ocrx_word' id='word_1_101' title='bbox 328 1287 455 1341; x_wconf 69' lang='lat' dir='ltr'>giure,</span> <span class='ocrx_word' id='word_1_102' title='bbox 494 1288 624 1342; x_wconf 59' lang='lat' dir='ltr'>bertot</span> <span class='ocrx_word' id='word_1_103' title='bbox 664 1290 761 1332; x_wconf 57' lang='lat' dir='ltr'>bore</span> <span class='ocrx_word' id='word_1_104' title='bbox 794 1290 1068 1340; x_wconf 64' lang='lat' dir='ltr'>OEiernmn‘oen,</span> <span class='ocrx_word' id='word_1_105' title='bbox 1110 1301 1158 1343; x_wconf 74' lang='lat' dir='ltr'>og</span> <span class='ocrx_word' id='word_1_106' title='bbox 1192 1290 1284 1339; x_wconf 74' lang='lat' dir='ltr'>ben,</span> <span class='ocrx_word' id='word_1_107' title='bbox 1325 1288 1516 1342; x_wconf 63' lang='lat' dir='ltr'>fom‘bem</span> <span class='ocrx_word' id='word_1_108' title='bbox 1548 1287 1562 1329; x_wconf 84' lang='grc' dir='ltr'>ι’</span> 
     </span>
     <span class='ocr_line' id='line_1_16' title="bbox 244 1365 1563 1425; baseline -0.002 -15"><span class='ocrx_word' id='word_1_109' title='bbox 244 1365 367 1417; x_wconf 47' lang='lat' dir='ltr'>beent&gt;</span> <span class='ocrx_word' id='word_1_110' title='bbox 400 1367 538 1422; x_wconf 59' lang='lat' dir='ltr'>babet,</span> <span class='ocrx_word' id='word_1_111' title='bbox 579 1369 733 1423; x_wconf 65' lang='lat' dir='ltr'>ligefom</span> <span class='ocrx_word' id='word_1_112' title='bbox 772 1371 848 1422; x_wconf 68' lang='lat' dir='ltr'>butt</span> <span class='ocrx_word' id='word_1_113' title='bbox 886 1372 958 1413; x_wconf 75' lang='lat' dir='ltr'>ben</span> <span class='ocrx_word' id='word_1_114' title='bbox 993 1372 1066 1425; x_wconf 63' lang='lat' dir='ltr'>5er</span> <span class='ocrx_word' id='word_1_115' title='bbox 1099 1366 1220 1425; x_wconf 56' lang='lat' dir='ltr'>§nube</span> <span class='ocrx_word' id='word_1_116' title='bbox 1252 1369 1377 1424; x_wconf 71' lang='lat' dir='ltr'>giort⁰</span> <span class='ocrx_word' id='word_1_117' title='bbox 1416 1370 1468 1408; x_wconf 86' lang='lat' dir='ltr'>ita</span> <span class='ocrx_word' id='word_1_118' title='bbox 1497 1369 1563 1408; x_wconf 86' lang='lat' dir='ltr'>in-</span> 
     </span>
     <span class='ocr_line' id='line_1_17' title="bbox 245 1449 1563 1503; baseline -0.001 -15"><span class='ocrx_word' id='word_1_119' title='bbox 245 1449 501 1502; x_wconf 80' lang='lat' dir='ltr'>telligendum</span> <span class='ocrx_word' id='word_1_120' title='bbox 540 1462 652 1500; x_wconf 84' lang='lat' dir='ltr'>esse,</span> <span class='ocrx_word' id='word_1_121' title='bbox 692 1456 733 1490; x_wconf 91' lang='lat' dir='ltr'>ut</span> <span class='ocrx_word' id='word_1_122' title='bbox 772 1451 951 1491; x_wconf 90' lang='lat' dir='ltr'>dominus</span> <span class='ocrx_word' id='word_1_123' title='bbox 990 1453 1165 1492; x_wconf 84' lang='lat' dir='ltr'>animalis</span> <span class='ocrx_word' id='word_1_124' title='bbox 1197 1450 1363 1491; x_wconf 89' lang='lat' dir='ltr'>eandem</span> <span class='ocrx_word' id='word_1_125' title='bbox 1392 1460 1563 1503; x_wconf 86' lang='lat' dir='ltr'>poenam</span> 
     </span>
     <span class='ocr_line' id='line_1_18' title="bbox 245 1530 1618 1586; baseline 0.003 -17"><span class='ocrx_word' id='word_1_126' title='bbox 245 1530 440 1580; x_wconf 83' lang='lat' dir='ltr'>incurrat,</span> <span class='ocrx_word' id='word_1_127' title='bbox 481 1541 568 1582; x_wconf 87' lang='lat' dir='ltr'>qnae</span> <span class='ocrx_word' id='word_1_128' title='bbox 600 1531 658 1581; x_wconf 88' lang='lat' dir='ltr'>ei,</span> <span class='ocrx_word' id='word_1_129' title='bbox 691 1531 726 1571; x_wconf 89' lang='lat' dir='ltr'>si</span> <span class='ocrx_word' id='word_1_130' title='bbox 755 1532 841 1585; x_wconf 90' lang='lat' dir='ltr'>ipse</span> <span class='ocrx_word' id='word_1_131' title='bbox 872 1545 924 1572; x_wconf 90' lang='lat' dir='ltr'>ex</span> <span class='ocrx_word' id='word_1_132' title='bbox 952 1533 1159 1586; x_wconf 89' lang='lat' dir='ltr'>proposito</span> <span class='ocrx_word' id='word_1_133' title='bbox 1190 1532 1334 1572; x_wconf 86' lang='lat' dir='ltr'>sactum</span> <span class='ocrx_word' id='word_1_134' title='bbox 1363 1530 1563 1584; x_wconf 83' lang='lat' dir='ltr'>perfecis-</span> <span class='ocrx_word' id='word_1_135' title='bbox 1600 1563 1618 1573; x_wconf 72' lang='lat'>.</span> 
     </span>
     <span class='ocr_line' id='line_1_19' title="bbox 248 1610 1564 1666; baseline 0 -16"><span class='ocrx_word' id='word_1_136' title='bbox 248 1615 321 1661; x_wconf 90' lang='lat' dir='ltr'>set,</span> <span class='ocrx_word' id='word_1_137' title='bbox 352 1610 567 1663; x_wconf 84' lang='lat' dir='ltr'>infligenda</span> <span class='ocrx_word' id='word_1_138' title='bbox 596 1611 747 1652; x_wconf 86' lang='lat' dir='ltr'>fuisset.</span> <span class='ocrx_word' id='word_1_139' title='bbox 796 1612 927 1653; x_wconf 91' lang='lat' dir='ltr'>Verba</span> <span class='ocrx_word' id='word_1_140' title='bbox 957 1614 1041 1666; x_wconf 89' lang='lat' dir='ltr'>ipsa</span> <span class='ocrx_word' id='word_1_141' title='bbox 1069 1613 1171 1652; x_wconf 91' lang='lat' dir='ltr'>hanc</span> <span class='ocrx_word' id='word_1_142' title='bbox 1199 1612 1564 1665; x_wconf 86' lang='lat' dir='ltr'>interpretationem</span> 
     </span>
     <span class='ocr_line' id='line_1_20' title="bbox 247 1690 1586 1745; baseline 0.001 -15"><span class='ocrx_word' id='word_1_143' title='bbox 247 1690 357 1730; x_wconf 82' lang='lat' dir='ltr'>ferre</span> <span class='ocrx_word' id='word_1_144' title='bbox 387 1691 590 1743; x_wconf 85' lang='lat' dir='ltr'>videntur,</span> <span class='ocrx_word' id='word_1_145' title='bbox 631 1705 747 1745; x_wconf 90' lang='lat' dir='ltr'>quam</span> <span class='ocrx_word' id='word_1_146' title='bbox 786 1693 1060 1734; x_wconf 84' lang='lat' dir='ltr'>admittendam</span> <span class='ocrx_word' id='word_1_147' title='bbox 1095 1705 1186 1741; x_wconf 85' lang='lat' dir='ltr'>esse</span> <span class='ocrx_word' id='word_1_148' title='bbox 1217 1692 1355 1733; x_wconf 89' lang='lat' dir='ltr'>svadet</span> <span class='ocrx_word' id='word_1_149' title='bbox 1384 1692 1586 1744; x_wconf 84' lang='lat' dir='ltr'>analogia&#39;</span> 
     </span>
     <span class='ocr_line' id='line_1_21' title="bbox 249 1769 1567 1826; baseline 0.001 -16"><span class='ocrx_word' id='word_1_150' title='bbox 249 1769 429 1822; x_wconf 82' lang='lat'>6-6-11,</span> <span class='ocrx_word' id='word_1_151' title='bbox 462 1770 529 1822; x_wconf 85' lang='lat'>12,</span> <span class='ocrx_word' id='word_1_152' title='bbox 562 1769 726 1813; x_wconf 81' lang='lat'>6-7-18</span> <span class='ocrx_word' id='word_1_153' title='bbox 757 1779 796 1813; x_wconf 88' lang='lat' dir='ltr'>et</span> <span class='ocrx_word' id='word_1_154' title='bbox 827 1771 1004 1825; x_wconf 81' lang='lat'>6-10-1,</span> <span class='ocrx_word' id='word_1_155' title='bbox 1036 1775 1075 1814; x_wconf 92' lang='lat' dir='ltr'>in</span> <span class='ocrx_word' id='word_1_156' title='bbox 1107 1775 1247 1826; x_wconf 90' lang='lat' dir='ltr'>quibus</span> <span class='ocrx_word' id='word_1_157' title='bbox 1272 1773 1417 1813; x_wconf 88' lang='lat' dir='ltr'>similes</span> <span class='ocrx_word' id='word_1_158' title='bbox 1442 1773 1567 1825; x_wconf 88' lang='lat' dir='ltr'>phra-</span> 
     </span>
     <span class='ocr_line' id='line_1_22' title="bbox 250 1854 1566 1908; baseline 0 -16"><span class='ocrx_word' id='word_1_159' title='bbox 250 1864 315 1892; x_wconf 91' lang='lat' dir='ltr'>ses</span> <span class='ocrx_word' id='word_1_160' title='bbox 348 1857 579 1903; x_wconf 88' lang='lat' dir='ltr'>occurrunt,</span> <span class='ocrx_word' id='word_1_161' title='bbox 619 1865 706 1905; x_wconf 86' lang='lat' dir='ltr'>quae</span> <span class='ocrx_word' id='word_1_162' title='bbox 738 1854 814 1894; x_wconf 89' lang='lat' dir='ltr'>alio</span> <span class='ocrx_word' id='word_1_163' title='bbox 845 1854 964 1894; x_wconf 92' lang='lat' dir='ltr'>modo</span> <span class='ocrx_word' id='word_1_164' title='bbox 997 1855 1185 1908; x_wconf 83' lang='lat' dir='ltr'>explicari</span> <span class='ocrx_word' id='word_1_165' title='bbox 1223 1858 1446 1906; x_wconf 87' lang='lat' dir='ltr'>nequeunt,</span> <span class='ocrx_word' id='word_1_166' title='bbox 1486 1863 1566 1905; x_wconf 88' lang='lat' dir='ltr'>quo</span> 
     </span>
     <span class='ocr_line' id='line_1_23' title="bbox 250 1931 1569 1987; baseline 0 -14"><span class='ocrx_word' id='word_1_167' title='bbox 250 1933 414 1984; x_wconf 86' lang='lat' dir='ltr'>accedit,</span> <span class='ocrx_word' id='word_1_168' title='bbox 447 1932 566 1986; x_wconf 90' lang='lat' dir='ltr'>quod,</span> <span class='ocrx_word' id='word_1_169' title='bbox 597 1934 630 1973; x_wconf 91' lang='lat' dir='ltr'>si</span> <span class='ocrx_word' id='word_1_170' title='bbox 659 1934 724 1973; x_wconf 92' lang='lat' dir='ltr'>illa</span> <span class='ocrx_word' id='word_1_171' title='bbox 753 1936 877 1975; x_wconf 88' lang='lat' dir='ltr'>verba</span> <span class='ocrx_word' id='word_1_172' title='bbox 907 1935 1060 1975; x_wconf 82' lang='lat' dir='ltr'>articuli</span> <span class='ocrx_word' id='word_1_173' title='bbox 1092 1931 1258 1975; x_wconf 82' lang='lat'>6-10-4</span> <span class='ocrx_word' id='word_1_174' title='bbox 1286 1935 1339 1975; x_wconf 89' lang='lat' dir='ltr'>ita</span> <span class='ocrx_word' id='word_1_175' title='bbox 1367 1936 1569 1987; x_wconf 85' lang='lat' dir='ltr'>interpre-</span> 
     </span>
     <span class='ocr_line' id='line_1_24' title="bbox 250 2015 1570 2068; baseline -0.001 -13"><span class='ocrx_word' id='word_1_176' title='bbox 250 2015 367 2055; x_wconf 88' lang='lat' dir='ltr'>tanda</span> <span class='ocrx_word' id='word_1_177' title='bbox 396 2019 551 2066; x_wconf 84' lang='lat' dir='ltr'>essent,</span> <span class='ocrx_word' id='word_1_178' title='bbox 590 2019 631 2054; x_wconf 91' lang='lat' dir='ltr'>ut</span> <span class='ocrx_word' id='word_1_179' title='bbox 669 2015 850 2057; x_wconf 88' lang='lat' dir='ltr'>dominus</span> <span class='ocrx_word' id='word_1_180' title='bbox 889 2016 1064 2056; x_wconf 88' lang='lat' dir='ltr'>animalis</span> <span class='ocrx_word' id='word_1_181' title='bbox 1102 2015 1180 2056; x_wconf 87' lang='lat' dir='ltr'>feri</span> <span class='ocrx_word' id='word_1_182' title='bbox 1219 2028 1264 2055; x_wconf 90' lang='lat' dir='ltr'>ac</span> <span class='ocrx_word' id='word_1_183' title='bbox 1303 2017 1335 2056; x_wconf 81' lang='lat' dir='ltr'>si</span> <span class='ocrx_word' id='word_1_184' title='bbox 1366 2016 1451 2068; x_wconf 90' lang='lat' dir='ltr'>ipse</span> <span class='ocrx_word' id='word_1_185' title='bbox 1483 2015 1570 2054; x_wconf 86' lang='lat' dir='ltr'>cul-</span> 
     </span>
     <span class='ocr_line' id='line_1_25' title="bbox 252 2081 1570 2149; baseline 0 -14"><span class='ocrx_word' id='word_1_186' title='bbox 252 2109 352 2149; x_wconf 83' lang='lat' dir='ltr'>pose</span> <span class='ocrx_word' id='word_1_187' title='bbox 392 2081 542 2149; x_wconf 84' lang='lat' dir='ltr'>egisset</span> <span class='ocrx_word' id='word_1_188' title='bbox 579 2095 828 2136; x_wconf 75' lang='lat' dir='ltr'>aestimandus</span> <span class='ocrx_word' id='word_1_189' title='bbox 859 2101 984 2147; x_wconf 90' lang='lat' dir='ltr'>esset,</span> <span class='ocrx_word' id='word_1_190' title='bbox 1025 2097 1144 2137; x_wconf 91' lang='lat' dir='ltr'>modo</span> <span class='ocrx_word' id='word_1_191' title='bbox 1176 2109 1227 2136; x_wconf 86' lang='lat' dir='ltr'>ex</span> <span class='ocrx_word' id='word_1_192' title='bbox 1259 2093 1422 2136; x_wconf 84' lang='lat'>6-11-2</span> <span class='ocrx_word' id='word_1_193' title='bbox 1451 2101 1570 2135; x_wconf 91' lang='lat' dir='ltr'>tene-</span> 
     </span>
     <span class='ocr_line' id='line_1_26' title="bbox 252 2176 1570 2230; baseline -0.002 -13"><span class='ocrx_word' id='word_1_194' title='bbox 252 2182 385 2228; x_wconf 85' lang='lat' dir='ltr'>retur,</span> <span class='ocrx_word' id='word_1_195' title='bbox 426 2177 491 2228; x_wconf 88' lang='lat' dir='ltr'>qui</span> <span class='ocrx_word' id='word_1_196' title='bbox 521 2177 727 2227; x_wconf 85' lang='lat' dir='ltr'>articulus,</span> <span class='ocrx_word' id='word_1_197' title='bbox 767 2182 809 2216; x_wconf 89' lang='lat' dir='ltr'>ut</span> <span class='ocrx_word' id='word_1_198' title='bbox 849 2189 968 2230; x_wconf 85' lang='lat' dir='ltr'>supra</span> <span class='ocrx_word' id='word_1_199' title='bbox 1009 2178 1232 2227; x_wconf 89' lang='lat' dir='ltr'>docuimus,</span> <span class='ocrx_word' id='word_1_200' title='bbox 1271 2177 1445 2216; x_wconf 91' lang='lat' dir='ltr'>minores</span> <span class='ocrx_word' id='word_1_201' title='bbox 1477 2176 1570 2228; x_wconf 92' lang='lat' dir='ltr'>quin</span> 
     </span>
     <span class='ocr_line' id='line_1_27' title="bbox 256 2256 1571 2311; baseline -0.002 -14"><span class='ocrx_word' id='word_1_202' title='bbox 256 2259 369 2298; x_wconf 76' lang='lat' dir='ltr'>etiam</span> <span class='ocrx_word' id='word_1_203' title='bbox 400 2259 674 2311; x_wconf 67' lang='lat' dir='ltr'>praestationes</span> <span class='ocrx_word' id='word_1_204' title='bbox 703 2258 868 2311; x_wconf 80' lang='lat' dir='ltr'>irrogat,</span> <span class='ocrx_word' id='word_1_205' title='bbox 901 2271 1015 2311; x_wconf 85' lang='lat' dir='ltr'>quam</span> <span class='ocrx_word' id='word_1_206' title='bbox 1048 2270 1135 2310; x_wconf 85' lang='lat' dir='ltr'>quae</span> <span class='ocrx_word' id='word_1_207' title='bbox 1167 2270 1188 2297; x_wconf 86' lang='lat' dir='ltr'>a</span> <span class='ocrx_word' id='word_1_208' title='bbox 1213 2257 1371 2297; x_wconf 89' lang='lat' dir='ltr'>domino</span> <span class='ocrx_word' id='word_1_209' title='bbox 1397 2256 1571 2298; x_wconf 87' lang='lat' dir='ltr'>animalis</span> 
     </span>
     <span class='ocr_line' id='line_1_28' title="bbox 256 2339 1394 2392; baseline 0.002 -15"><span class='ocrx_word' id='word_1_210' title='bbox 256 2341 458 2389; x_wconf 86' lang='lat' dir='ltr'>mansveti,</span> <span class='ocrx_word' id='word_1_211' title='bbox 491 2339 597 2392; x_wconf 88' lang='lat' dir='ltr'>quod</span> <span class='ocrx_word' id='word_1_212' title='bbox 627 2339 772 2378; x_wconf 91' lang='lat' dir='ltr'>homini</span> <span class='ocrx_word' id='word_1_213' title='bbox 803 2340 958 2390; x_wconf 69' lang='lat' dir='ltr'>nocuit,</span> <span class='ocrx_word' id='word_1_214' title='bbox 981 2339 1183 2380; x_wconf 83' lang='lat' dir='ltr'>solvendae</span> <span class='ocrx_word' id='word_1_215' title='bbox 1215 2339 1394 2386; x_wconf 41' lang='lat' dir='ltr'>summ-⁴).</span> 
     </span>
    </p>
   </div>
   <div class='ocr_carea' id='block_1_3' title="bbox 256 2421 520 2427">
    <p class='ocr_par' dir='ltr' id='par_1_4' title="bbox 256 2421 520 2427">
     <span class='ocr_line' id='line_1_29' title="bbox 256 2421 520 2427; baseline 0 0"><span class='ocrx_word' id='word_1_216' title='bbox 256 2421 520 2427; x_wconf 95' lang='lat' dir='ltr'> </span> 
     </span>
    </p>
   </div>
   <div class='ocr_carea' id='block_1_4' title="bbox 282 2440 988 2558">
    <p class='ocr_par' dir='ltr' id='par_1_5' title="bbox 282 2440 988 2558">
     <span class='ocr_line' id='line_1_30' title="bbox 304 2440 988 2498; baseline 0.001 -11"><span class='ocrx_word' id='word_1_217' title='bbox 304 2453 344 2495; x_wconf 44' lang='grc' dir='ltr'>ἑἡ)</span> <span class='ocrx_word' id='word_1_218' title='bbox 373 2451 440 2498; x_wconf 54' lang='lat' dir='ltr'>aut</span> <span class='ocrx_word' id='word_1_219' title='bbox 466 2453 528 2496; x_wconf 65' lang='lat' dir='ltr'>jur.</span> <span class='ocrx_word' id='word_1_220' title='bbox 557 2453 648 2496; x_wconf 62' lang='lat' dir='ltr'>aret).</span> <span class='ocrx_word' id='word_1_221' title='bbox 675 2454 720 2488; x_wconf 79' lang='lat'>22</span> <span class='ocrx_word' id='word_1_222' title='bbox 746 2452 812 2489; x_wconf 59' lang='lat' dir='ltr'>et.</span> <span class='ocrx_word' id='word_1_223' title='bbox 840 2466 870 2498; x_wconf 76' lang='lat' dir='ltr'>p.</span> <span class='ocrx_word' id='word_1_224' title='bbox 899 2440 988 2488; x_wconf 64' lang='lat' dir='ltr'>130.=v</span> 
     </span>
     <span class='ocr_line' id='line_1_31' title="bbox 282 2513 968 2558; baseline -0.001 -9"><span class='ocrx_word' id='word_1_225' title='bbox 282 2516 340 2556; x_wconf 49' lang='grc' dir='ltr'>Ν)</span> <span class='ocrx_word' id='word_1_226' title='bbox 366 2515 532 2549; x_wconf 84' lang='lat' dir='ltr'>Eunomia</span> <span class='ocrx_word' id='word_1_227' title='bbox 557 2513 579 2548; x_wconf 88' lang='lat'><strong>3</strong></span> <span class='ocrx_word' id='word_1_228' title='bbox 604 2514 691 2552; x_wconf 55' lang='grc' dir='ltr'>Ἐπί</span> <span class='ocrx_word' id='word_1_229' title='bbox 716 2527 747 2558; x_wconf 84' lang='lat' dir='ltr'>p.</span> <span class='ocrx_word' id='word_1_230' title='bbox 774 2514 968 2549; x_wconf 71' lang='lat'>258—259.</span> 
     </span>
    </p>
   </div>
  </div>
 </body>
</html>
