1712 2861
827 115 857 162 2

188 261 233 304 in
269 255 448 316 singulo
487 257 649 316 quovis
686 255 853 317 populo
892 256 1109 314 viguerit,
1147 252 1334 300 oriunda
1370 267 1504 299 com-

189 349 333 396 modis
380 348 639 394 commercii
685 347 833 394 civilis
879 345 1169 393 satisfaciant.
1251 343 1504 404 Singularis

183 445 276 501 J'am
319 440 416 486 haec
460 441 576 486 ratio
622 438 734 498 fert,
784 446 832 485 ut
877 438 1128 499 disquisitio
1175 452 1357 496 eorum⁷
1408 452 1506 498 quae

184 537 287 594 jure
325 533 523 595 positivo
563 531 618 577 de
656 531 817 577 damno
856 530 909 576 ab
948 529 1210 576 animalibus
1249 529 1352 576 dato
1381 545 1507 591 prae-

191 628 358 689 scripta
394 631 520 682 sunt7
567 625 676 670 satis
721 637 929 682 magnam
968 621 1293 681 jucunditatem
1328 621 1507 680 habeat,

191 734 288 780 quae
335 715 514 778 quidem
560 729 616 760 eo
666 720 881 774 augetur,
931 712 1050 774 quod
1098 714 1186 759 ista
1231 714 1509 760 conscientia

192 810 412 872 aequitatis
459 822 562 853 cum
606 805 722 853 ideis
763 807 907 865 magis
946 804 1219 852 absconditis
1258 806 1510 852 arctissime

194 902 405 959 comeret,
444 915 553 961 quas
590 905 854 961 perspectas
883 897 1050 943 habere
1078 896 1196 942 haud
1223 912 1327 943 raro
1361 898 1510 942 inter-

194 1002 288 1054 est,
361 996 488 1054 cujus
542 994 610 1038 rei
667 991 923 1053 exemplum
977 990 1298 1050 gravissimum
1341 987 1513 1051 praebet

189 1091 263 1147 jus
290 1087 558 1143 Romanum,
596 1086 722 1144 cujus
750 1088 978 1145 praecepta
1005 1084 1197 1145 primum
1225 1077 1514 1143 disquirenda

196 1186 337 1226 erunt.

334 1270 407 1317 Ad
445 1285 542 1331 quae
581 1262 729 1314 autem
767 1270 915 1315 onmia
952 1274 1202 1328 antequam.
1224 1263 1514 1325 transgredi-

198 1379 323 1411 amur
340 1361 642 1420 recensenda,
678 1360 925 1420 tractanda,
962 1358 1255 1422 dispicienda,
1285 1357 1515 1427 obserya-

196 1465 290 1504 tum
327 1455 538 1503 volumus
576 1460 621 1499 et
657 1452 887 1500 benevolo
924 1452 1146 1499 lectorum
1172 1444 1343 1511 Judicio
1382 1463 1516 1495 com-

198 1549 469 1608 mendatum,
509 1553 672 1608 quanto
711 1560 878 1608 opere⁷
934 1544 1036 1597 dum
1073 1544 1129 1589 ad
1176 1543 1516 1600 faustissimum,

198 1643 477 1690 laetissimum
505 1640 670 1687 festum
705 1640 860 1701 patriae
897 1639 1015 1684 inter
1052 1635 1294 1682 academiae
1331 1633 1517 1683 subsel-

198 1736 260 1780 lia
297 1732 616 1779 celebrandum
661 1737 863 1777 nostrum
911 1729 1222 1791 qualecunque
1267 1741 1518 1774 munuscu-

199 1827 291 1872 lum
328 1825 537 1872 conferre
574 1824 863 1881 festinamus,
911 1828 1005 1868 tum
1041 1820 1257 1882 temporis
1292 1817 1518 1866 brevitate

202 1920 434 1978 coarctati,
470 1924 564 1964 tum
602 1916 700 1962 aliis
736 1916 935 1976 negotiis
973 1913 1161 1960 districti
1198 1911 1414 1958 fuerimus
1443 1916 1520 1956 at-

204 2027 290 2073 que
328 2010 546 2073 impediti7
584 2023 671 2070 quo
708 2009 871 2066 minus7
916 2006 1047 2068 quale
1086 2011 1132 2051 et
1168 2010 1379 2066 quantum
1415 2016 1520 2050 esse

205 2103 371 2149 dehere
408 2102 494 2149 hoc
530 2115 690 2147 munus
726 2115 818 2146 non
854 2101 1187 2159 ignoraremus,
1223 2095 1313 2142 tale
1349 2100 1520 2157 potue-

203 2197 342 2242 rimus
381 2201 457 2240 aut
494 2192 660 2240 ambitu
698 2199 743 2238 et
773 2191 986 2238 doctrinae
1018 2190 1165 2252 copia,
1203 2194 1279 2235 aut
1312 2192 1522 2234 accurata

207 2296 251 2335 et
287 2288 438 2334 limata
474 2286 740 2333 tractatione
779 2289 1007 2346 praestare.
