1712 2861
770 135 831 182 17

142 275 180 314 in
212 275 354 326 quibus
385 277 534 326 praetor
564 271 785 326 distinguit,
831 278 960 312 utrum
986 273 1175 325 'judicium
1224 285 1312 313 cum
1343 286 1459 314 noxae

145 354 303 395 datione
342 367 391 395 an
429 356 515 395 sine
552 355 626 394 hac
664 344 868 394 concedat.
937 353 1043 394 Talia
1073 354 1266 394 nominari
1296 359 1461 407 possunt

143 435 168 474 l.
205 435 241 476 1.
273 448 333 488 pr.
365 436 412 475 D.
445 435 496 475 de
526 435 608 485 his,
654 436 721 488 qui
752 436 815 475 eff.
856 435 944 485 ΟΧ.
977 431 1042 483 3.)
1082 459 1155 485 „—
1194 440 1378 487 quantum
1410 435 1461 475 ol)

143 528 230 556 eam
259 527 346 555 rem
377 528 533 568 aequum
559 516 683 569 judici
714 516 911 556 videbitur
943 527 1045 566 eum,
1077 527 1164 555 cum
1196 527 1274 567 quo
1307 521 1461 568 agetur,

141 597 416 646 condemnari,
463 597 558 636 tanti
591 596 783 649 judicium
822 596 937 636 daho.
1013 596 1054 638 Si
1092 608 1233 636 servus
1271 597 1462 636 insciente

143 678 303 718 domino
343 677 488 717 fecisse
527 677 693 727 dicetur,
733 677 772 716 in
797 675 945 730 judicio
977 677 1175 729 adjiciam,
1221 681 1287 716 aut
1317 689 1461 716 noxam

141 759 305 798 dedere.
373 758 500 798 Porro
538 758 563 799 l.
596 757 636 798 5.
670 761 708 805 §.
742 754 780 797 6.
822 757 913 796 eod.
951 758 1032 786 —“
1075 758 1151 805 Qui
1190 757 1382 797 adversus
1414 770 1461 797 ea

142 839 302 888 fecerit,
348 839 388 877 in
427 851 516 878 eum
556 839 775 878 solidorum
815 837 951 877 decem
998 837 1038 876 in
1086 837 1228 877 factum
1271 838 1461 890 judicium

139 919 283 958 daboz'
303 918 337 958 si
375 930 516 957 servus
562 919 756 958 insciente
795 919 954 958 domino
994 917 1138 958 fecisse
1178 918 1350 958 dicetur.
1398 924 1463 958 aut

140 1010 257 1038 noxae
297 998 387 1049 dedi
420 998 585 1052 jubebo.
646 999 800 1040 Deinde
839 1000 865 1040 l.
898 997 966 1040 21.
999 1003 1038 1047 ἕ.
1071 998 1110 1039 2.
1143 998 1193 1039 de
1225 999 1355 1039 noxal.
1389 1004 1460 1039 act.

141 1079 230 1128 (lx.
262 1076 314 1128 4)
361 1103 433 1130 „—
463 1079 528 1119 vel
553 1079 743 1132 judicium
774 1080 876 1120 dabo
908 1080 993 1120 sine
1024 1092 1142 1120 noxae
1174 1080 1388 1120 deditione.
1412 1105 1456 1109 —

139 1160 236 1200 Item
274 1163 314 1207 §.
347 1158 385 1199 1.
417 1159 445 1200 1.
478 1160 528 1200 de
560 1161 626 1200 off.
653 1161 737 1214 jud.
771 1160 856 1210 (IV.
891 1158 983 1209 17).
1044 1160 1220 1213 Ideoque
1259 1161 1293 1200 si
1331 1160 1463 1200 noxali

135 1240 287 1292 judicio
319 1240 500 1280 addictus
530 1246 605 1292 est,
637 1242 854 1282 observare
885 1241 1024 1291 dehet,
1055 1245 1097 1281 ut
1127 1241 1160 1281 si
1191 1241 1463 1281 condemnan-

142 1320 218 1360 'dus
255 1320 414 1361 videtur
442 1321 647 1372 dominus,
692 1323 744 1377 ita
783 1322 926 1361 debeat
956 1322 1241 1369 condemnare:
1287 1307 1492 1362 Publium‘

141 1401 323 1442 Maevium
361 1401 483 1441 Lucio
524 1401 625 1442 Titio
664 1379 890 1442 indecem
936 1413 1081 1442 aureos
1130 1402 1352 1450 condemno
1400 1407 1465 1442 aut

141 1493 286 1522 noxam
317 1481 542 1532 dederest).

258 1561 438 1615 Objectio
470 1563 648 1604 desumta
673 1569 732 1604 est
756 1577 808 1605 ex
836 1565 861 1604 l.
895 1562 933 1605 6.
966 1569 1005 1613 ς.
1040 1564 1077 1605 1.
1103 1565 1150 1604 D.
1183 1564 1232 1604 de
1263 1576 1309 1604 re
1334 1564 1463 1618 judic:

141 1642 280 1692 (XLII.
314 1642 452 1693 1)**)
492 1645 560 1684 ubi
589 1646 776 1698 Ulpianus
808 1645 917 1686 dicit:
962 1645 1114 1685 Decem
1145 1650 1211 1685 aut
1239 1657 1357 1685 noxae
1388 1645 1465 1685 de-

142 1722 241 1763 dere
273 1723 569 1775 condemnatus,
595 1726 759 1778 judicati
788 1727 828 1766 in
860 1726 999 1766 decem
1029 1730 1207 1765 tenetur:
1239 1725 1466 1765 facultatem

143 1804 248 1843 enim
262 1815 380 1844 noxae
406 1804 599 1846 dedendae
625 1819 677 1846 ex
698 1807 790 1860 lege
808 1807 970 1860 accepit.
1017 1807 1069 1846 At
1092 1807 1139 1856 is,
1171 1807 1238 1858 qui
1262 1807 1466 1860 stipulatus

141 1888 202 1923 est
218 1883 358 1924 decem
375 1891 440 1925 aut
455 1898 572 1928 noxae
593 1888 758 1938 dedere,
782 1899 862 1928 non
885 1892 1017 1940 potest
1041 1887 1177 1927 decem
1195 1892 1350 1940 petere,
1375 1888 1466 1940 quia

141 1964 180 2003 in
205 1965 457 2017 stipulatione
481 1968 636 2020 singula
659 1980 733 2021 per
757 1980 802 2008 se
825 1969 1000 2017 veniunt,
1032 1979 1158 2019 eaque
1175 1967 1327 2020 singula
1343 1979 1466 2021 sepa-

141 2046 255 2085 ratim
287 2046 465 2099 stipulari
496 2059 729 2100 possumus:
762 2053 799 2088 at
823 2048 1012 2102 judicium
1043 2047 1167 2088 solius
1197 2059 1315 2088 noxae
1347 2048 1466 2089 dedi-

141 2125 259 2166 tionis
289 2126 438 2166 nullum
469 2133 542 2178 est,
572 2128 646 2169 sed
683 2129 949 2182 pecuniariam
990 2128 1360 2170 condemnationem
1395 2142 1466 2170 se-

141 2206 294 2258 quitur,
334 2212 373 2248 et
403 2207 494 2248 ideo
520 2209 686 2261 judicati
715 2209 754 2249 in
785 2209 924 2250 decem
956 2210 1104 2262 agitur:
1143 2209 1204 2249 his
1236 2211 1339 2251 enim
1370 2211 1466 2251 solis

189 2414 227 2456 ο)
253 2414 401 2448 inibant
431 2414 566 2458 &wem
606 2416 629 2450 2
655 2416 723 2452 ετ.
758 2392 886 2458 ςῗ638.
922 2418 982 2451 err.
1017 2415 1084 2451 637
1118 2417 1192 2451 Not.
1227 2417 1263 2451 κ.
1296 2416 1465 2452 Ζεηηιιει-,ι

259 2475 392 2522 &mem
416 2489 448 2522 p.
475 2477 669 2512 156—157.

166 2539 225 2579 w)
252 2537 356 2574 emer
382 2539 425 2573 10
451 2539 518 2575 ab.
544 2539 566 2574 2
594 2539 692 2583 aba).
719 2552 750 2584 p.
777 2539 854 2574 293.

1175 2610 1200 2639 ί)
