1712 2861
832 119 894 167 15

206 259 298 312 (qui
327 259 382 299 liti
411 270 457 298 se
487 257 647 305 obtulit)
686 261 795 296 recte
827 257 1140 307 commum-r),
1189 267 1265 296 neo
1294 256 1420 297 minus
1451 269 1527 311 ap-

205 340 371 393 plicatur
407 338 566 391 regula:
615 337 681 390 qui
713 337 805 377 dolo
838 337 954 378 desiit
983 337 1214 390 possidere,
1253 349 1326 390 pro
1358 349 1526 390 posses-

205 431 299 460 sore
330 419 536 460 habendus
568 423 648 469 est,
695 430 782 471 qua}
824 418 966 471 regula
997 431 1049 458 ex
1081 423 1220 457 natura
1250 429 1320 457 sua
1351 418 1526 471 inprimis

204 501 244 540 in
275 501 449 540 actiones
488 500 654 539 noxales
686 499 895 550 caditffit),
943 510 1021 551 quo
1060 502 1249 551 respectu
1286 499 1527 538 monendum

205 585 285 630 est,
325 580 383 632 ei,
423 581 485 620 cui
515 580 708 631 nocitum,
749 580 1043 620 concedendam
1074 591 1165 620 esse
1197 578 1419 618 facultatem
1450 580 1527 618 eli-

205 660 348 714 gendi,
392 665 523 700 utrum
564 662 742 714 priorem
774 660 1042 713 quadrupedis
1074 659 1294 710 dominum,
1342 661 1407 713 qui
1437 665 1527 700 tan-

207 754 322 794 quam
360 753 574 795 possessor
612 741 724 782 fictus
763 724 957 793 tenetur,
988 753 1037 781 an
1076 754 1186 791 eum,
1234 741 1300 793 qui
1345 745 1528 793 tempore

204 822 281 861 litis
313 827 541 863 contestatae
566 823 746 862 dominus
771 827 843 872 est,
876 824 1090 863 convenire
1121 823 1340 870 velitffffitj.
1403 821 1528 868 Quae-

205 904 374 944 stionem
413 903 463 943 de
502 915 618 943 noxae
658 903 858 944 deditione
890 916 969 944 non
1001 916 1105 954 esse,
1137 904 1170 943 si
1202 903 1302 942 actio
1335 902 1528 942 adversus

205 996 484 1038 possessorem
514 984 644 1024 fictum
674 984 918 1036 intendatur,
971 997 1059 1025 eum
1090 995 1190 1024 vcro
1223 983 1448 1035 simpliciter
1478 983 1528 1022 ad

207 1065 390 1105 damnum
413 1065 700 1106 restituendum
725 1066 1065 1106 condemnandum
1090 1077 1194 1116 esse,
1226 1077 1278 1105 ex
1300 1065 1361 1105 rei
1390 1069 1528 1104 natura

206 1147 397 1200 sequitur.
966 1128 969 1131 ἢ

325 1227 438 1274 Quod
464 1227 498 1266 si
521 1227 656 1279 plures
689 1227 985 1280 quadrupedem
1017 1227 1056 1266 in
1087 1226 1261 1266 dominio
1292 1226 1528 1277 habuerunt,

208 1319 294 1347 eam
332 1319 432 1348 vero
479 1307 690 1360 possidere
739 1308 879 1348 dolose
926 1308 1150 1358 desierunt,
1204 1307 1327 1347 actori
1375 1307 1529 1360 eligere

205 1387 309 1439 licet,
342 1400 459 1441 quem
490 1400 630 1428 eorum
661 1390 879 1429 convenire
910 1389 1023 1439 velit3
1056 1394 1170 1441 atque
1202 1389 1235 1429 si
1267 1401 1318 1428 ex
1350 1389 1530 1441 pluribus

207 1468 375 1509 dominis
408 1469 564 1522 quidam
595 1469 734 1510 dolose
773 1482 865 1510 suas
903 1475 1037 1523 partes
1076 1470 1286 1523 possidere
1326 1469 1531 1520 desierint,

207 1549 348 1590 electio
375 1555 435 1590 est
459 1552 616 1602 actoris,
648 1556 779 1592 utrum
804 1551 954 1591 directe
987 1563 1111 1604 agere
1135 1551 1232 1590 velit
1256 1562 1343 1589 cum
1367 1562 1431 1601 eo,
1465 1550 1531 1603 qui

207 1631 406 1683 possidet,
439 1644 488 1671 an
518 1632 707 1685 praetoria
737 1644 825 1671 cum
857 1644 930 1682 eo,
972 1633 1038 1684 qui
1069 1632 1184 1672 desiit
1213 1631 1500 1685 possidere-10.

322 1711 472 1751 Electio
504 1712 668 1751 alterum
697 1712 858 1762 liberat,
903 1712 943 1752 id
983 1712 1086 1752 enim
1117 1713 1268 1752 Praetor
1299 1713 1529 1764 introduxit,

208 1803 259 1831 ne
284 1792 514 1832 eluderetur
542 1797 782 1837 actorrnon
808 1798 850 1833 ut
881 1793 998 1833 etiam
1028 1793 1180 1833 lucrum
1210 1793 1380 1834 faceret:
1412 1794 1532 1834 ideo-

210 1885 288 1926 que
313 1874 552 1927 exceptione
584 1886 605 1914 a
635 1874 818 1926 sequenti
842 1875 1246 1925 subinovebitul·—1-†).
1314 1876 1374 1916 De
1398 1880 1534 1915 trans-

253 2056 292 2098 ἃ)
319 2056 341 2090 l.
367 2054 399 2090 7.
432 2056 473 2090 D.
508 2055 550 2089 de
575 2057 738 2101 interrog.
772 2058 806 2090 in
834 2057 913 2101 jure
946 2058 1012 2091 sac.
1047 2058 1119 2100 (XI.
1147 2057 1198 2100 1.)
1232 2058 1265 2092 Si
1301 2060 1374 2103 quis
1399 2059 1532 2102 injure

324 2119 564 2162 interrogatus,
597 2129 639 2151 an
667 2119 881 2163 quadrupes,
919 2130 993 2164 quae
1018 2122 1217 2164 pauperiem
1242 2121 1342 2163 fecit,
1380 2121 1453 2164 ejus
1478 2123 1532 2163 sit,

325 2180 558 2224 responderit:
586 2186 729 2215 tenetur.

232 2252 290 2295 Μ)
317 2252 338 2286 l.
366 2252 420 2286 12.
446 2254 468 2286 l.
493 2252 548 2287 21.
574 2266 622 2298 pr.
648 2254 669 2287 l.
695 2253 752 2288 22.
778 2256 814 2297 ξ.
840 2256 897 2290 ult.
923 2256 946 2290 l.
970 2255 1027 2290 24.
1052 2256 1074 2290 l.
1096 2254 1152 2290 26.
1179 2257 1214 2298 §.
1241 2255 1271 2289 1.
1297 2256 1318 2289 l.
1341 2254 1396 2289 39.
1420 2267 1469 2299 pr.
1491 2256 1533 2290 D.

327 2315 370 2348 de
394 2315 507 2349 noxal.
534 2322 598 2350 act.
626 2317 698 2359 (IX.
724 2315 777 2359 4.)

210 2387 290 2430 *³³⁸0
317 2388 336 2422 1.
362 2387 418 2421 24.
445 2388 466 2422 l.
492 2388 548 2423 25.
574 2390 596 2422 l.
622 2388 678 2424 26.
704 2401 752 2433 pr.
778 2390 818 2424 D.
845 2391 877 2425 h.
902 2397 923 2425 t.
952 2390 1054 2428 (Sjlt'icf
1079 2390 1122 2425 10
1148 2389 1216 2426 Qb.
1242 2390 1264 2426 2
1282 2390 1382 2435 wat).
1407 2403 1440 2436 p.
1453 2390 1533 2426 292.

243 2462 287 2504 ἦ)
314 2461 335 2495 l.
360 2460 416 2495 26.
443 2462 467 2504 δ
494 2462 511 2495 1
540 2467 574 2495 et
596 2461 628 2495 2.
655 2462 731 2507 Dig.
758 2464 789 2497 h.
816 2470 837 2498 t.

218 2535 286 2577 Η)
313 2535 334 2569 Ι.
360 2534 416 2570 26.
443 2547 490 2579 pr.
517 2535 556 2570 D.
584 2536 614 2569 h.
641 2542 662 2569 t.
