1712 2861
834 110 900 157 20

201 261 311 290 suam
342 259 445 298 esse⁷
477 258 564 286 nam
595 247 629 286 si
660 246 878 286 constiterit
908 257 1000 286 esso
1031 247 1130 299 eJus‚
1161 247 1200 285 in
1223 245 1390 286 solidum
1414 257 1515 286 con-

201 328 447 370 demnabitur
457 328 521 375 5*··).

316 407 598 460 Exstinguitur,
630 407 738 459 quod
761 407 987 460 simpliciter
1015 405 1097 445 fluit
1121 419 1172 446 ex
1202 418 1249 446 ea
1277 417 1365 446 rem
1395 417 1517 458 spec-

201 488 309 528 tandi
337 488 504 537 ratione,
538 499 625 539 quae
656 487 697 526 in
726 487 800 526 hac
823 488 985 526 materia
1014 487 1185 537 invaluit,
1217 487 1331 536 actio,
1361 487 1396 526 si
1426 491 1516 526 ante

200 568 306 608 litem
346 572 601 607 contestatam
648 567 788 606 animal
835 566 1159 620 decesserit*÷·)‚
1203 578 1285 605 non
1323 578 1438 618 aeque
1484 567 1518 606 si

201 653 292 701 post
329 648 435 687 litem
481 652 756 696 contestatam,
803 658 882 698 quo
927 651 1116 697 respectu
1162 646 1273 685 adest
1317 648 1518 699 singulare

200 732 444 781 praeceptum
474 727 577 767 circa
609 739 698 767 eum
729 739 883 776 casum,
929 737 1008 778 quo
1048 726 1095 765 ab
1127 726 1203 765 alio
1236 727 1376 766 animal
1406 727 1518 766 occi-

202 820 289 848 sum
328 807 465 856 fuerit3
511 812 591 847 tum
635 808 759 857 enim,
806 806 897 858 quia
928 805 1087 846 domino
1119 807 1304 858 competit
1334 807 1434 846 actio
1466 820 1519 847 ex

201 889 293 941 lege
325 888 493 939 Aquilia,
524 888 624 927 ratio
654 887 770 939 hujus
800 887 903 939 legis
933 887 972 926 in
998 886 1146 938 Judicio
1177 886 1397 937 habebitur,
1428 900 1516 927 oum

203 969 386 1008 dominus
425 979 542 1007 noxae
582 967 775 1007 dedendae
816 967 1042 1007 facultatem
1072 967 1264 1018 amiserit,
1314 980 1436 1020 quare
1468 965 1520 1008 e}

197 1049 346 1101 judicio
377 1049 586 1101 proposito
616 1048 692 1087 litis
723 1048 1019 1088 aestimationcm
1051 1047 1214 1097 offeret,
1255 1048 1330 1087 nisi
1359 1045 1520 1101 paratus

203 1127 323 1168 fuerit
352 1124 544 1168 actionem
575 1127 763 1168 mandare
795 1128 986 1168 adversus
1016 1140 1119 1178 eum,
1151 1128 1219 1179 qui
1249 1128 1518 1178 oceiditffi).

794 1254 927 1312 §6.

203 1372 340 1416 Actio
379 1370 433 1416 de
465 1371 683 1430 pauperie
718 1371 849 1416 eliam
884 1371 926 1415 si
962 1371 1127 1416 animal
1166 1373 1314 1431 ferum
1348 1385 1521 1419 nocue-

661 1462 725 1506 rit
758 1462 899 1507 locum
934 1461 1077 1508 habet.

319 1573 447 1627 Supra
473 1575 554 1626 jam
583 1573 827 1625 monuimus,
874 1574 1088 1614 dubitatum
1128 1587 1218 1615 esse
1258 1587 1307 1614 an
1338 1576 1437 1615 actio
1470 1576 1520 1616 de

203 1655 396 1708 pauperie
434 1655 552 1695 retiam
590 1654 629 1692 in
668 1666 762 1693 casu
801 1653 930 1693 damni
970 1654 1017 1693 ab
1058 1655 1286 1695 animalibus
1317 1655 1413 1695 feris
1445 1656 1522 1696 dati

205 1735 390 1788 applicari
421 1735 559 1787 possit,
592 1746 679 1787 quae
710 1745 790 1784 res,
821 1734 855 1773 si
885 1734 1008 1774 verba
1036 1735 1185 1787 legum,
1217 1747 1304 1787 quae
1335 1735 1522 1776 latissime

203 1819 338 1867 patent
375 1826 450 1854 nec
487 1815 778 1854 restrictionem
817 1814 948 1866 quoad
986 1815 1162 1854 animalia
1201 1814 1287 1855 fera
1326 1816 1521 1869 adjiciunt,

203 1896 422 1948 respicias,
464 1907 544 1935 non
574 1895 689 1934 valde
721 1894 838 1934 dubia
878 1906 968 1934 esse
999 1895 1167 1935 videtur.
1243 1895 1328 1935 Jam
1368 1909 1419 1936 ex
1457 1909 1521 1947 eo,

208 1977 313 2029 quod
352 1977 451 2016 tituli
492 1988 600 2029 saepe
639 1975 742 2015 citati
771 1975 1060 2015 Institutionum
1092 1979 1130 2014 et
1158 1975 1413 2028 Digestorum
1444 1990 1522 2030 ge-

205 2057 405 2096 neraliter*
431 2056 713 2096 inscribuntur:
760 2055 816 2106 „si
856 2055 1080 2108 quadrupes
1109 2053 1348 2109 'pauperiem
1379 2056 1523 2097 secisse

208 2136 387 2176 dicatur“
434 2136 624 2189 suspicari
664 2136 774 2185 licet,
821 2147 843 2174 a
889 2147 1056 2175 numero
1104 2148 1243 2176 eorum
1290 2137 1521 2188 animalium,

208 2228 295 2268 quae
326 2218 507 2255 nocendo
540 2218 734 2256 actionem
766 2215 815 2256 de
846 2218 1037 2270 pauperie
1069 2216 1213 2257 afferre
1247 2221 1411 2270 queant,
1442 2229 1521 2257 non

254 2377 290 2418 a)
317 2376 337 2408 1.
366 2376 395 2409 1.
423 2377 458 2417 ς.
488 2375 539 2409 15.
564 2376 640 2420 Dig.
667 2377 699 2409 h.
725 2382 746 2409 t.

230 2437 289 2480 ss)
314 2437 335 2469 1.
363 2437 392 2469 1.
420 2438 454 2478 ς.
483 2435 535 2490 13.
561 2437 636 2482 Dig.
663 2439 694 2471 h.
721 2444 741 2471 t.

208 2498 284 2540 Υ)
310 2499 331 2532 1.
359 2499 388 2532 1.
416 2500 450 2539 ς.
479 2496 530 2532 15.
558 2499 632 2543 Dig.
660 2501 691 2533 h.
719 2506 738 2531 t.
