1712 2861
893 106 959 157 82

272 248 378 300 agris
410 249 449 286 et
478 245 639 298 sepibus
668 245 812 286 illatum
843 249 923 295 est,
969 255 1094 297 quare
1133 244 1259 284 oritnr
1297 244 1462 296 quaestio
1492 245 1586 286 satis

273 327 410 377 dubia,
456 337 506 365 an
544 330 583 366 et
614 331 806 379 quatenus
838 324 1018 366 dominus
1049 325 1223 365 animalis
1254 324 1304 365 ad
1334 325 1374 365 id
1404 325 1587 366 damnum

271 406 580 457 resarciendum,
625 406 732 459 quod
762 406 846 446 aliis
878 406 1042 459 objectis
1071 406 1257 457 intulerit,
1289 406 1497 447 obstrictus
1527 405 1588 446 sit.

389 488 655 536 Quaestionem
685 487 786 528 hanc
814 488 993 527 tractavit
1023 488 1148 528 celeb.
1181 479 1347 538 Orsted,
1388 499 1440 527 ex
1477 486 1590 539 cujus

274 569 467 610 sententia
498 567 639 609 Codex
669 567 939 609 Christianeus
969 568 1144 608 indicare
1166 568 1336 618 videtur,
1367 569 1590 622 quicunque

275 649 452 690 animalia
480 648 635 699 habeat,
666 660 756 689 eum
785 647 826 688 id
857 648 1039 689 damnum
1067 652 1262 701 praestare
1287 648 1454 699 debere,
1483 648 1592 700 quod

276 730 324 770 ab
348 730 422 770 illis
445 728 651 779 inferatur,
683 740 761 781 quo
786 733 971 781 respectu
994 733 1142 779 monet,
1165 733 1247 769 tum
1269 728 1448 768 codicem
1470 729 1593 781 vulgo

276 821 350 863 per
387 814 588 862 praeoepta
627 810 811 862 specialia
851 814 890 850 et
937 809 1095 862 quidem
1142 809 1346 850 casuistica
1391 809 1596 862 generalia

278 903 349 932 sua
378 889 571 943 principia
601 889 713 930 effari
721 903 734 940 3
764 895 845 931 tum
874 890 1052 930 animalia
1082 901 1190 943 saepe
1225 895 1408 942 tanquam
1440 889 1596 942 objecta

277 971 409 1011 talium
438 970 683 1011 sanctionum
713 970 867 1021 aflerri,
908 982 995 1023 quae
1034 983 1086 1010 ex
1123 970 1322 1010 voluntate
1359 970 1597 1023 legislatoris

278 1051 392 1091 latius
422 1055 592 1103 pateant,
623 1050 733 1102 cujus
762 1050 823 1090 rei
853 1050 1076 1103 exemplum
1106 1047 1188 1091 5-8
1219 1050 1374 1103 allegat.
1427 1050 1500 1090 His
1528 1062 1599 1091 ar-

280 1131 476 1185 gumentis
506 1130 616 1170 nisus
647 1134 785 1170 censet
814 1142 901 1170 eam
930 1130 1131 1183 regulam,
1171 1142 1260 1183 quae
1298 1128 1462 1171 6-10-5
1502 1135 1542 1172 et
1571 1128 1598 1171 6
1651 1165 1661 1172 „

281 1212 385 1253 circa
415 1211 597 1252 damnum
627 1210 844 1264 pecudibus
875 1223 898 1251 a
925 1211 1145 1264 pecudibus
1174 1211 1318 1252 illatum
1338 1212 1599 1263 commeatur,
1665 1224 1677 1228 ·

281 1292 331 1333 ad
362 1304 430 1333 eas
458 1291 643 1332 laesiones
673 1291 810 1332 forsan
841 1291 1002 1331 extendi
1031 1303 1173 1344 posse,
1214 1301 1319 1344 quae·
1338 1292 1388 1332 ab
1420 1293 1600 1333 animali-

281 1373 355 1413 bus
385 1373 506 1413 rebus
537 1372 696 1412 alterius
725 1372 944 1412 inanimatis
974 1371 1207 1423 inferantur,
1239 1372 1386 1426 quippe
1416 1385 1536 1425 quum
1560 1373 1604 1413 in·

281 1454 356 1494 illis
381 1453 566 1504 articulis,
596 1453 631 1494 si
656 1465 820 1506 usquam
841 1457 986 1503 exstet,
1012 1454 1146 1493 inesse
1162 1453 1410 1494 statuendum
1423 1455 1474 1511 sit
1487 1454 1603 1507 prin-

284 1534 428 1587 cipium
451 1533 641 1587 generale
650 1547 662 1584 3
693 1536 925 1587 praescripta
941 1535 1045 1574 enim
1061 1534 1245 1587 specialia
1263 1534 1313 1582 de
1335 1534 1476 1574 damno
1493 1534 1603 1587 agris

285 1620 325 1654 et
354 1615 514 1668 sepibus
546 1613 636 1654 dato
668 1615 839 1655 articulis
871 1616 956 1669 ejus
987 1615 1144 1668 capitis,
1185 1614 1294 1667 quod
1331 1626 1383 1654 ex
1402 1614 1605 1667 professo

285 1695 336 1735 de
366 1695 530 1736 laesione
560 1695 607 1735 ab
640 1696 867 1736 animalibus
905 1696 1006 1737 facta
1041 1701 1145 1749 agat,
1182 1695 1492 1748 posthabeantur
1527 1707 1605 1737 ne-

285 1787 400 1816 cesse
431 1788 522 1816 esse
530 1789 543 1825 3
574 1754 717 1828 quibus
745 1789 869 1830 porro
901 1777 1021 1827 addit,
1050 1781 1131 1816 tum
1160 1777 1223 1816 illa
1245 1776 1477 1829 praescripta
1506 1788 1606 1830 spe-
1655 1773 1659 1776 ⁴

287 1856 398 1896 cialia
427 1868 536 1909 saepe
566 1857 807 1910 iniquitatem
837 1857 982 1898 afferre
1012 1868 1147 1909 posse,
1189 1857 1223 1896 si
1247 1856 1452 1897 resarcitio
1476 1861 1606 1909 preti-

286 1949 353 1976 um
377 1937 550 1977 animalis
573 1948 656 1977 non
681 1938 879 1980 excedere
896 1938 1045 1978 debere
1062 1941 1314 1989 statueretur,
1343 1940 1424 1977 tum
1441 1934 1605 1977 6-10-6

288 2030 379 2057 eum
419 2030 572 2069 casum,
612 2018 662 2058 de
704 2031 782 2072 quo
822 2024 982 2072 agatur,
1019 2018 1140 2058 multo
1180 2018 1306 2071 magis
1337 2029 1453 2070 quam
1482 2021 1606 2058 const.

288 2095 345 2139 28
377 2097 519 2138 Octob.
554 2096 668 2139 1794
699 2099 829 2147 §phum
861 2097 1006 2140 31mam
1039 2099 1299 2152 attingere*).

405 2179 449 2219 In
478 2179 560 2219 hac*
584 2181 801 2231 quaestione
833 2179 1050 2221 dirimenda
1081 2191 1169 2220 cum
1201 2178 1325 2219 celeb.
1357 2178 1421 2219 illo
1446 2182 1607 2218 auctore

290 2259 426 2300 facere
455 2271 536 2300 non
566 2272 788 2313 possumus.

405 2339 446 2381 Si
469 2341 529 2381 rei
553 2346 729 2382 naturam
752 2341 986 2396 respicimus
1019 2342 1072 2382 nil
1102 2352 1194 2381 esse
1218 2339 1386 2391 videtur,
1418 2351 1511 2393 quo,
1541 2340 1608 2381 ubi

339 2513 380 2556 ᾖ”)
405 2512 601 2557 ῷααηδῐνος,
627 2512 648 2546 5
673 2511 742 2549 ἑΒῦ.
769 2515 785 2548 1
815 2511 878 2548 Θ.
904 2523 936 2556 p.
962 2510 1111 2547 39—40.
