1712 2861
181 255 444 308 ffinxufftugen
473 266 564 307 pag.
597 249 767 294 23—35
794 250 1048 305 pertractavit
1072 249 1281 300 Zimmern,
1312 250 1378 301 qui
1403 261 1501 302 spe-

181 337 307 377 ciatim
346 339 501 384 monet,
546 334 646 373 hanc
684 332 878 372 theoriam
917 343 991 371 neo
1030 336 1214 371 constare
1252 342 1374 383 posse
1413 343 1499 371 cum

178 416 338 470 regula:
370 425 498 466 „noxa
523 418 639 467 caput
663 414 892 466 sequitui-,4
911 413 1013 465 quia,
1044 413 1078 452 si
1109 412 1223 465 culpa
1253 410 1503 464 respicienda

181 502 300 548 esset,
332 496 515 537 damnum
539 494 588 534 ab
614 505 664 534 eo
689 493 872 547 praestari
899 492 1077 542 deberet,
1109 492 1175 544 qui
1200 491 1381 532 dominus
1397 495 1506 531 esset

182 579 359 620 animalis
390 589 440 617 eo
470 581 674 628 tempore,
715 586 794 627 quo
825 573 1026 623 nocuerit,
1067 585 1143 614 nec
1173 585 1263 613 cum
1294 584 1366 623 eo,
1398 572 1504 624 quod

183 660 297 709 actio,
335 659 402 697 ubi
433 656 574 696 animal
604 655 746 704 ferum,
786 654 893 706 quod
924 654 1107 693 damnum
1137 652 1257 702 dedit,
1295 654 1336 692 in
1365 657 1506 692 statum

183 738 368 779 naturalis
394 736 560 777 feritatis
584 746 792 775 reversum
818 734 882 784 sit,
911 737 1053 783 cessat,
1085 732 1193 785 quod
1216 732 1270 773 ita
1296 744 1341 796 se
1355 732 1508 773 habere

184 821 224 860 in
240 818 496 871 sequentibus
512 815 792 856 monstrabitur
801 827 813 864 3
846 814 987 867 quibus
1009 813 1366 864 observationibus,
1397 825 1509 866 prae-

186 906 247 941 ter
271 900 364 940 alias
389 897 614 951 gravissimi
643 896 844 946 momenti,
875 907 962 935 eam
993 895 1136 948 adjicit,
1169 895 1282 948 leges
1312 894 1510 934 Romanas

185 982 227 1021 in
256 981 329 1020 hac
357 979 521 1020 materia
560 977 719 1017 omnino
750 987 831 1016 non
862 975 988 1028 culpae
1018 988 1127 1016 verae
1166 976 1230 1016 vel
1263 974 1362 1015 fictae
1393 986 1511 1015 men-

186 1064 336 1102 tionem
365 1059 523 1109 facere,
561 1058 740 1111 regulam
769 1068 891 1097 vero:
932 1068 1061 1108 „noxa
1092 1061 1208 1109 caput
1236 1056 1438 1108 sequitur“
1469 1059 1512 1095 ut

188 1143 305 1182 talem
334 1144 530 1193 spectare,
563 1150 650 1191 quae
681 1139 911 1191 simpliciter
942 1150 994 1178 ex
1023 1138 1084 1177 rei
1113 1142 1251 1177 natura
1281 1136 1386 1187 fluat,
1423 1148 1511 1176 cum

191 1222 304 1276 quasi
335 1221 485 1262 delictis
517 1223 645 1260 autem
676 1219 770 1258 nihil
801 1230 1011 1259 commune
1038 1218 1193 1268 habeat,
1224 1218 1263 1257 in
1296 1217 1437 1269 quibus
1461 1216 1513 1256 ita

192 1301 489 1351 constituendis,
520 1305 561 1340 ut
593 1300 681 1352 quis
711 1299 871 1340 alterius
901 1303 1062 1351 peccata
1096 1302 1291 1352 praestare
1318 1301 1513 1346 teneatur,

193 1383 350 1424 disertis
380 1381 516 1422 verbis
549 1383 861 1420 commemorant
885 1391 965 1419 non
990 1379 1119 1419 solum
1145 1378 1297 1432 culpam
1322 1378 1513 1427 fictamt),

195 1464 267 1505 sed
299 1463 414 1503 etiam
443 1462 619 1501 rationes
650 1460 701 1500 ad
730 1460 903 1513 politiam
933 1461 1200 1513 pertinentes,
1245 1471 1333 1512 quae
1364 1459 1516 1501 consti-

194 1545 385 1585 tutionem
417 1543 529 1595 quasi
559 1541 791 1582 delictorum
822 1540 1126 1594 justificant-*³⁶³1

242 1660 280 1702 “*)
314 1659 363 1693 lta
386 1658 408 1692 l.
444 1657 474 1691 1.
501 1659 536 1699 ξ.
561 1655 594 1690 4.
618 1656 695 1700 Dig.
718 1656 762 1689 de
786 1656 839 1689 his
865 1657 921 1700 qui
948 1655 1049 1689 effud.
1077 1655 1151 1697 (lx,
1175 1652 1228 1697 3).
1277 1655 1357 1688 Haec
1381 1655 1416 1687 in
1441 1653 1517 1687 fac-

311 1727 381 1754 tum
407 1721 496 1753 actio
521 1721 557 1753 in
583 1730 660 1752 eum
686 1718 801 1760 datur,
834 1719 890 1761 qui
915 1717 1100 1759 inhabitat,
1115 1727 1203 1766 ¹cum
1228 1716 1310 1761 quid
1336 1715 1518 1759 dejecere-

312 1789 385 1825 tur,
409 1782 465 1814 vel
490 1781 739 1822 effunderetur,
772 1790 842 1812 non
867 1781 901 1812 in
927 1779 1101 1812 dominum
1125 1779 1269 1820 aedium;
1303 1778 1404 1822 culpa
1429 1780 1518 1811 euim

313 1855 420 1888 penes
454 1854 531 1876 eum
565 1847 625 1875 est.
650 1841 672 1875 l.
698 1840 731 1875 5.
757 1841 792 1882 §.
818 1839 850 1874 5.
880 1840 923 1873 de
950 1840 1055 1885 oblig.
1082 1846 1116 1874 et
1140 1846 1204 1873 act.
1231 1839 1360 1882 (XLIV,
1386 1838 1438 1882 7).
1486 1839 1518 1872 Is

316 1916 473 1951 quoque,
510 1914 551 1937 ex
577 1903 673 1947 cujus
699 1902 911 1944 coenaculo,
947 1902 1003 1935 vel
1026 1903 1165 1947 proprio
1190 1903 1318 1945 ipsius,
1350 1901 1406 1934 vel
1432 1911 1519 1934 con-

317 1969 434 2010 ducto,
459 1966 515 2000 vel
540 1968 575 1999 in
601 1976 668 2010 quo
695 1966 799 2009 gratis
822 1964 1010 2007 habitabat,
1044 1964 1222 2007 dejectum>
1243 1963 1430 1997 effusumve
1456 1962 1521 1997 alie-

318 2029 399 2074 quid
433 2034 501 2072 est,
534 2031 581 2062 ita
613 2033 650 2060 ut
682 2027 785 2061 alicui
816 2032 978 2069 noceret,
1012 2027 1108 2071 quasi
1143 2037 1186 2059 ex
1216 2025 1387 2059 maleficio
1412 2026 1521 2058 teneri

316 2092 470 2132 videtur,
502 2090 583 2123 ideo
609 2095 721 2123 autem
744 2100 815 2122 non
839 2090 977 2133 proprie
1007 2099 1048 2121 ex
1072 2087 1243 2121 maleficio
1271 2086 1442 2130 obligatus
1466 2088 1523 2120 in-

317 2153 498 2196 telligitur,
533 2153 612 2196 quia
641 2151 842 2195 plerumque
875 2151 918 2184 ob
954 2150 1093 2183 alterius
1126 2149 1260 2192 culpam
1298 2154 1432 2181 tenetur
1465 2153 1524 2181 aut

320 2216 409 2248 servi
435 2219 492 2247 aut
514 2213 646 2246 liberi.“
671 2231 713 2236 —-·
741 2214 765 2254 §
790 2209 822 2245 3.
855 2212 879 2245 Ι.
914 2211 957 2245 de
981 2212 1086 2256 oblig.
1113 2197 1187 2255 quie
1210 2221 1254 2244 ex
1279 2210 1346 2243 del.
1373 2210 1454 2252 (IV,
1479 2209 1521 2252 5)

321 2296 364 2302 --
390 2276 493 2319 „Cum
519 2277 608 2309 enim
633 2285 746 2320 neque
772 2285 814 2308 ex
838 2274 1029 2317 maleficio,
1064 2284 1176 2317 neque
1210 2283 1252 2306 ex
1283 2277 1458 2306 contractu
1482 2274 1526 2305 sit

322 2339 485 2373 adversus
511 2349 587 2371 eum
614 2339 793 2371 constituta
817 2336 873 2370 hic
899 2338 1000 2378 actio,
1026 2341 1061 2369 et
1085 2335 1297 2379 aliquatenus
1317 2334 1425 2378 culpae
1445 2345 1525 2368 reus

323 2408 392 2444 est,
419 2401 512 2446 quod
537 2411 642 2444 opera
666 2399 831 2433 malorum
856 2399 1030 2433 hominum
1055 2403 1224 2431 uteretur:
1255 2397 1335 2431 ideo
1361 2398 1456 2441 quasi
1483 2407 1525 2430 ex

323 2464 494 2498 maleficio
518 2464 626 2496 teneri
651 2462 815 2495 videtur.“

231 2529 289 2570 w)
320 2527 342 2560 1.
364 2527 395 2560 1.
417 2527 451 2568 ᾗ.
480 2526 509 2559 1.
533 2525 609 2569 Dig.
631 2530 721 2558 naut.
745 2534 840 2566 caup.
866 2522 939 2566 (IV,
964 2521 1006 2565 9)
1032 2523 1191 2565 „Maxima
1212 2522 1335 2556 utilitas
1357 2526 1407 2555 cst
1427 2520 1527 2563 hujus
