1712 2861
823 95 889 148 76

200 234 265 292 qui
295 245 416 286 pecus
448 234 614 274 alienum
646 235 684 274 in
715 249 788 277 suo
820 237 941 278 fundo
974 238 1194 289 adinvenit,
1233 240 1387 280 tametsi
1417 253 1514 295 sepe

198 320 407 360 instructus
438 330 517 358 non
548 318 616 367 sit,
656 318 886 358 conceditur
919 319 984 371 jus
1015 319 1106 360 illud
1137 321 1515 373 comprehendendi.

316 398 431 446 Quod
469 399 602 438 attinet
640 398 690 438 ad
727 411 794 448 ea,
841 410 927 450 quae
968 400 1178 440 occasione
1217 402 1437 442 animalium
1474 403 1515 442 in

198 479 358 520 alterius
397 479 518 520 fundo
558 479 898 532 deprehensorum
933 480 1124 520 solvenda
1153 486 1262 532 sunt,
1301 483 1446 524 abeunt
1475 483 1516 522 in

199 561 296 601 duas
335 565 488 613 partes,
527 560 708 600 nimirum
745 561 786 600 in
823 560 992 613 pretium
1029 560 1285 601 redemtionis
1317 567 1357 602 et
1386 563 1516 603 damni

198 641 518 690 resarcitionem,
563 640 716 680 ratione
757 652 919 691 quarum
958 641 1253 692 praestationum
1291 643 1515 684 constitutio

199 721 291 760 satis
325 725 483 760 exactas
508 720 732 772 suppeditat
760 720 932 773 regulaS‚
965 721 1104 772 quibus
1130 721 1286 762 omissis
1310 723 1517 775 principia,

200 801 340 853 quibus
369 801 556 850 nituntur,
586 800 761 840 breviter
793 802 986 854 attingere
1020 801 1164 840 licebit.

317 880 576 922 Continentur
605 881 711 932 haec‚
748 881 854 933 quod
884 882 1052 934 pretium
1082 882 1339 922 redemtionis
1370 882 1517 934 attinet,

199 962 238 1001 in
269 966 295 1009 §
327 958 449 1011 32da‚
481 974 533 1001 ex
564 974 640 1014 qua
672 962 864 1014 quantitas
894 961 994 1002 lilius
1024 963 1141 1014 pretii
1170 963 1437 1016 principaliter
1467 965 1516 1004 ab

198 1054 248 1081 eo
280 1041 440 1094 pendet,
470 1054 563 1082 num
593 1054 714 1095 pecus
745 1042 784 1080 in
814 1042 931 1081 horto
963 1042 1214 1094 deprehensa
1244 1042 1364 1083 fuerit
1390 1044 1455 1084 vel
1478 1044 1518 1084 in

198 1123 342 1173 fundo,
383 1123 448 1175 qui
487 1122 750 1162 communioni
781 1127 959 1163 exemtus
990 1122 1057 1162 uni
1087 1121 1315 1176 adsignatus
1347 1128 1427 1174 est,
1467 1136 1517 1164 an

198 1204 237 1242 in
268 1203 413 1253 fund0,
461 1203 527 1254 qui
565 1203 661 1243 alius
701 1203 892 1255 qualitatis
922 1208 1002 1253 est,
1038 1204 1091 1242 ita
1120 1207 1161 1244 ut
1189 1203 1229 1242 in
1258 1204 1395 1256 priore
1425 1217 1519 1246 casu

198 1285 420 1333 maximum,
451 1284 490 1322 in
514 1284 730 1336 posteriori
752 1283 952 1324 minimum
975 1283 1025 1322 sit
1047 1283 1216 1336 pretium
1239 1283 1497 1325 redemtionis
1505 1298 1518 1335 3

199 1364 303 1405 aliud
325 1376 425 1404 vero
450 1369 701 1415 momentum,
728 1364 833 1416 quod
848 1364 888 1403 in
913 1363 1224 1415 determinando,
1243 1369 1384 1416 quanta
1407 1377 1520 1406 sum-

200 1457 261 1485 ma
291 1445 486 1485 redemtio
517 1445 605 1485 fieri
634 1445 796 1496 debeat,
827 1445 1007 1498 respicit,
1054 1445 1132 1485 hoc
1161 1450 1221 1485 est
1258 1458 1351 1488 num
1380 1446 1518 1488 hortus

201 1530 240 1565 et
270 1525 413 1566 fundus
442 1525 617 1578 legitimo
649 1525 768 1566 modo
799 1537 898 1579 sepe
929 1526 1105 1566 instructi
1135 1526 1212 1566 sint
1242 1537 1291 1565 an
1321 1537 1416 1576 non,
1447 1538 1518 1566 ra-

198 1607 306 1646 tione
322 1617 446 1658 porro
462 1606 591 1645 habita
608 1606 692 1658 ejus
708 1617 817 1656 usus,
846 1606 886 1646 in
903 1619 1020 1658 quem
1035 1605 1179 1647 fundus
1196 1606 1388 1647 adhibitus
1403 1607 1518 1656 sitff).

317 1686 432 1727 Circa
471 1686 600 1726 damni
637 1686 935 1727 resarcitionem
973 1688 1195 1742 praescribit
1232 1687 1375 1728 deinde
1405 1687 1520 1736 §phus

200 1767 484 1807 constitutionis
523 1763 657 1817 31ma,
697 1772 739 1807 ut
777 1768 958 1809 damnum
996 1768 1141 1809 illatum
1171 1779 1331 1818 eorum,
1372 1769 1438 1820 qui
1469 1780 1521 1808 ex

201 1847 297 1894 §9¹¹0
331 1845 441 1886 17ma
474 1847 647 1900 eligendi
677 1851 766 1888 sunt
794 1848 870 1888 viri
901 1847 1068 1897 oculati,
1099 1847 1289 1889 arbitratu
1318 1848 1519 1888 aestiman-

200 1927 291 1968 dum
315 1928 376 1978 sit,
409 1928 559 1980 adjecta
583 1932 713 1966 tamen
743 1939 792 1967 ea
821 1928 1086 1978 restrictione,
1125 1932 1178 1978 ut,
1211 1940 1298 1980 quae
1328 1929 1379 1968 sit
1408 1929 1519 1969 aesti-

200 2009 317 2048 matio
358 2008 506 2058 damni,
545 2019 664 2048 nemo
702 2008 1001 2048 resarcitionem
1041 2009 1208 2062 exigere
1242 2009 1389 2062 possit,
1430 2019 1517 2061 quae

247 2135 284 2177 ᾗ)
316 2135 354 2168 In
379 2133 562 2178 {ananthog
595 2141 668 2168 ovet
700 2136 760 2170 ben
785 2134 895 2178 benite
920 2142 961 2179 og
987 2134 1090 2178 notite
1115 2133 1375 2179 ssontynbigbeb,
1401 2133 1422 2168 5
1448 2132 1517 2171 531³.

317 2196 334 2230 1
363 2194 426 2230 &t
452 2207 484 2239 p.
509 2194 554 2229 38
579 2202 694 2229 monet
723 2196 786 2230 cel.
813 2189 956 2239 Orsted,
989 2198 1132 2240 pretium
1166 2196 1386 2230 redemtionis
1418 2207 1521 2240 spec-

316 2260 377 2292 tari
399 2269 514 2301 posse,
535 2264 603 2290 tum
624 2264 784 2302 tanquam
806 2258 1070 2292 additamentum
1091 2260 1304 2291 resarcitioni
1327 2258 1441 2291 damni
1455 2258 1520 2291 ad-

311 2321 454 2363 jectum,
481 2305 554 2364 quie
575 2316 666 2363 saepe
692 2325 810 2353 exacte
836 2320 1051 2354 determinari
1077 2326 1243 2364 nequeat;
1268 2326 1337 2353 tum
1361 2325 1398 2352 ut
1420 2321 1520 2353 satis-

317 2383 501 2415 factionem
524 2382 596 2425 ejus
618 2382 837 2424 incommodi,
864 2383 955 2426 quod
977 2383 1062 2416 serat
1084 2383 1310 2426 deprehensio
1327 2381 1519 2425 pecudum3

317 2449 384 2476 tuin
410 2449 446 2476 ut
468 2455 614 2487 poenam
641 2445 809 2488 quandam
835 2447 1017 2488 privatam,
1052 2455 1117 2488 qua
1150 2444 1364 2487 impellantur
1391 2443 1517 2476 domini

318 2505 486 2549 pecudum
513 2506 556 2539 ad
582 2507 783 2547 cavendum,
809 2517 852 2540 ne
878 2517 927 2540 eae
952 2508 987 2540 in
1013 2517 1130 2550 agrum
1157 2506 1303 2539 alienum
1325 2505 1517 2539 deveniant.
