1712 2861
805 142 869 190 62

185 283 260 321 nisi
292 293 342 321 ex
372 279 496 332 priori
527 278 703 318 membro
735 280 862 318 teneri
894 284 1010 332 queat
1019 292 1030 328 3
1062 284 1141 318 tum
1171 284 1213 318 ut
1239 269 1418 318 dominus
1449 292 1498 320 eo

182 373 276 401 casu
305 361 354 400 sit
385 361 432 399 ab
466 360 572 399 omni
602 360 855 413 prat-statione
885 360 1085 410 immunis,
1127 372 1205 412 quo
1247 360 1386 400 animal
1419 372 1500 400 sae-

181 443 270 495 pius
309 425 535 491 occiderit,⁸
557 442 590 480 si
630 441 677 490 ii,
718 442 783 492 qui
823 441 1018 481 interemti
1056 442 1152 490 sint,
1191 441 1356 493 propria
1391 441 1502 493 culpa

183 523 323 562 animal
354 521 402 561 ad
432 521 508 561 tale
540 521 692 560 facinus
727 521 974 561 adduxerint.

298 603 497 654 Respectu
526 602 641 654 hujus
673 601 822 640 articuli
848 602 991 640 deinde
1017 601 1256 640 monendum
1284 606 1355 651 est,
1381 602 1503 641 verba

185 683 342 736 ,faffone
371 678 435 722 bct
463 681 535 734 βπ»
574 682 646 722 ben
677 680 855 732 afwbess
888 681 1078 734 arvinger
1110 682 1202 733 efter
1233 679 1285 732 fin
1315 681 1501 730 &ormue‘¹

184 775 352 816 poenam
391 762 656 814 pecuniariam
695 762 938 801 arbitrariam
977 766 1183 814 spectare,
1222 762 1262 801 in
1296 771 1380 813 qua>
1402 773 1504 802 con-

184 842 378 883 stituenda
404 842 452 881 ad
476 854 562 882 eam
588 842 805 894 analogiam
830 842 1123 895 respiciendum
1149 846 1220 891 est,
1255 853 1369 894 quam
1393 854 1504 894 prae-

185 924 278 963 bent
308 903 520 976 praecepta·
531 923 632 975 juris
665 924 789 962 nostri
814 923 863 962 de
889 923 1104 962 actionibus
1127 923 1314 975 culposis,
1345 924 1504 975 specia-

185 1005 251 1043 tim
283 1008 406 1043 const.
437 1001 466 1042 4
498 1002 582 1043 Oct.
617 1000 727 1043 1833
761 1007 786 1050 ὃ
818 1000 897 1052 29,
920 1004 1097 1055 quamvis
1129 1004 1234 1044 enim
1267 1000 1430 1042 6-10-3
1457 1003 1505 1044 ad

187 1082 346 1124 6-11-1
391 1095 436 1123 se
466 1095 547 1123 non
576 1083 774 1133 referts'k)
815 1084 880 1123 vel
915 1083 1082 1122 maxime
1117 1088 1246 1122 tamen
1279 1084 1504 1125 verosimile

187 1169 247 1204 est
276 1164 315 1203 id
345 1168 590 1217 praeceptum
621 1163 772 1203 articuli
807 1160 993 1213 6-10-3,
1033 1163 1083 1203 de
1123 1175 1201 1216 quo
1242 1165 1415 1217 agimus,
1455 1176 1507 1205 ex

187 1245 326 1285 eadem
356 1244 418 1284 rei
446 1244 672 1296 spectandae
703 1245 857 1285 ratione
886 1245 1144 1294 emanavisse,
1183 1256 1297 1296 quam
1327 1245 1367 1285 in
1396 1255 1507 1296 prae-

186 1325 371 1377 cipiendo
418 1324 467 1363 de
513 1325 730 1364 actionibus
776 1325 947 1377 culposis
992 1329 1173 1373 secutus*
1195 1325 1245 1365 sit
1281 1324 1507 1377 legislatorg

188 1406 434 1457 eandemque
473 1416 644 1457 poenam
683 1417 732 1444 eo
770 1406 810 1444 in
851 1417 943 1445 casu
974 1405 1243 1458 applicandam
1274 1416 1386 1455 esse,
1428 1416 1506 1457 quo

188 1487 328 1526 animal
357 1486 482 1538 prima
513 1485 671 1537 quidem
702 1486 788 1525 vice
820 1486 1020 1536 occiderit,
1053 1486 1234 1525 dominus
1265 1490 1395 1525 autem
1422 1485 1508 1538 ejus

182 1568 407 1619 juramento
446 1568 682 1620 praescripto
721 1578 766 1606 se
797 1566 1016 1607 defendere
1047 1577 1128 1607 non
1158 1565 1321 1616 audeat,
1362 1566 1509 1618 quippe

190 1660 308 1701 quum
347 1660 399 1687 ex
437 1659 487 1687 eo
527 1648 614 1700 ipso
648 1652 838 1700 appareat
867 1647 972 1686 illum
1004 1658 1085 1687 non
1114 1647 1275 1687 latuisse
1306 1645 1346 1686 id
1375 1646 1509 1687 vitium

189 1728 374 1777 animalis,
407 1728 517 1780 cujus
548 1728 746 1780 ignoratio
779 1727 907 1777 efficit,
946 1731 988 1766 ut
1017 1738 1097 1766 non
1129 1727 1203 1767 nisi
1234 1726 1282 1766 ad
1313 1727 1508 1766 minimam

189 1810 290 1849 illam
320 1809 500 1847 mulctam
531 1808 749 1848 sescunciae
789 1808 942 1859 argenti
973 1807 1202 1847 solvendam
1233 1808 1505 1855 teneaturffi).

189 1889 369 1929 Mulctam
398 1888 498 1927 hanc
527 1888 752 1929 haeredibus
784 1887 957 1928 defuncti
986 1887 1247 1940 praestandam
1277 1899 1389 1937 esse,
1429 1897 1509 1926 non

191 1969 358 2009 dubitari
395 1980 517 2022 posse
557 1969 734 2019 videtur,
782 1969 815 2008 si
859 1968 1068 2020 respicitur
1104 1972 1204 2006 tum.
1225 1967 1273 2006 ad
1311 1965 1509 2020 posterius

189 2050 341 2090 articuli
380 2050 618 2099 membrum,
659 2061 710 2088 ex
750 2060 828 2101 quo
869 2047 1081 2088 satisfactio
1111 2048 1185 2088 illis
1216 2047 1406 2087 solvenda
1438 2051 1510 2097 est,

190 2137 269 2171 tum
301 2131 349 2171 ad
381 2128 559 2180 6-11-1,
598 2127 639 2180 4,
679 2127 719 2180 7,
758 2126 798 2178 8,
832 2126 871 2178 9,
907 2127 954 2168 11
992 2133 1030 2168 et
1063 2126 1130 2178 12,
1169 2128 1210 2167 in
1241 2128 1384 2180 quibus
1413 2126 1511 2166 locis

190 2213 329 2253 mulcta
353 2211 578 2251 liaeredibus
609 2209 806 2249 interfecti
838 2210 1071 2262 assignatur,
1107 2214 1273 2261 excepta
1303 2221 1350 2248 ea
1379 2212 1510 2261 parte,

130 2276 133 2277 ⁷
191 2304 280 2345 quae
299 2305 349 2332 ex
360 2291 402 2331 C.
416 2288 581 2331 6-11-4
598 2291 647 2330 ob
665 2290 912 2331 temerariam
929 2291 1121 2330 actionem
1138 2288 1296 2328 domino
1314 2288 1509 2340 competit.
1564 2338 1571 2341 s

308 2372 446 2412 Statuit
477 2371 758 2411 celeberrimus
777 2362 934 2420 Orsted,
966 2372 1026 2411 rei
1055 2375 1233 2410 naturam
1265 2375 1381 2422 atque
1412 2379 1510 2408 ana-

237 2487 276 2529 ⁴²)
302 2486 468 2519 Eunomia
493 2484 514 2519 3
539 2484 626 2520 ‘ficet
652 2496 683 2528 p.
710 2484 788 2518 257.

215 2550 273 2590 Η)
302 2548 467 2582 Eunomia
493 2545 513 2581 3
540 2545 626 2583 Zeti
652 2557 682 2589 p.
708 2545 786 2580 256.
