1712 2861
821 97 887 148 44

199 238 305 291 quod
336 239 369 277 si
400 238 580 278 dominus
610 238 769 290 pecoris
800 237 934 289 affert,
965 238 1041 279 hoc
1069 250 1149 280 non
1179 241 1219 280 in
1249 249 1348 293 agro
1379 242 1443 282 vel
1471 242 1511 282 in

196 323 309 371 prato
340 322 492 371 captum
523 330 635 368 esse,
675 319 708 358 is
740 319 806 371 qui
835 319 1029 373 pecudem
1060 321 1371 374 comprehendit,
1395 321 1511 374 jura-

197 403 329 439 mento
368 400 470 439 trino
502 399 682 452 negabit,
713 399 798 450 vel,
845 399 878 439 si
909 399 1002 440 illud
1035 407 1245 454 agnoscat,
1291 402 1389 442 duas
1420 412 1512 442 oras

197 479 398 528 solvetffi.
1390 468 1398 475 ’

313 556 411 598 4tum
443 559 586 600 deinde
618 559 743 613 Caput
773 561 946 601 continet
975 566 1175 615 praecepta
1205 562 1256 602 de
1291 575 1339 602 ea
1370 561 1513 616 agendi

197 639 372 689 ratione,
412 651 488 690 qua
518 640 572 679 uti
612 640 730 680 debet
773 641 828 690 is,
874 641 940 693 qui
978 641 1172 694 pecudem
1203 620 1514 695 comprehendit,

199 731 277 771 quo
315 724 502 771 respectu
539 719 742 771 speciatim
781 725 914 770 cavet,
960 725 1002 760 ut
1039 721 1073 761 si
1120 721 1302 762 dominus
1349 722 1514 775 pecudis

197 805 288 852 post
325 800 466 839 trinam
496 799 859 851 denunciationem,
907 800 1045 854 primis
1084 801 1207 841 tribus
1247 801 1387 842 diebus
1425 807 1518 855 post

197 880 556 932 deprehensionem
587 880 740 931 factam,
778 881 977 921 redimere
1007 882 1190 933 noluerit,
1222 883 1273 933 ei,
1305 883 1372 935 qui
1401 871 1515 923 com-

196 961 469 1013 prehendebat
495 961 746 1014 jumentum,
770 961 847 1001 hoc
883 962 934 1001 ita
973 962 1183 1015 possidere
1212 964 1348 1014 liceat,
1386 968 1449 1014 ut,
1480 964 1514 1004 si

244 1149 281 1193 ᾗ]
316 1150 394 1192 Tolf
412 1150 492 1182 hors
515 1150 605 1193 961·ae
629 1149 725 1188 seod,
752 1161 792 1181 oc
817 1149 886 1191 tols
907 1150 971 1182 ἠὂὲ
994 1149 1107 1191 hjort'h
1132 1162 1171 1184 oc
1197 1149 1265 1194 tols
1284 1149 1369 1185 swin
1392 1149 1512 1185 wrath.

313 1211 420 1245 takoer
454 1222 532 1243 man
567 1201 704 1255 yranme
740 1211 814 1244 sins
851 1211 891 1243 ok
927 1206 1032 1243 ael'laer
1069 1217 1136 1244 twa
1167 1209 1181 1244 ἰ
1213 1209 1331 1246 akr-um
1363 1213 1469 1246 aellaer
1500 1212 1515 1247 i

313 1285 442 1317 aenyum
473 1273 579 1305 aellaer
611 1284 728 1306 annoer
758 1274 824 1315 foe,
861 1284 919 1305 um
952 1273 1019 1305 thet
1044 1285 1093 1305 cer
1117 1285 1169 1306 aen
1191 1275 1299 1307 minre
1322 1286 1374 1308 aen
1396 1275 1511 1316 hjord,

313 1336 393 1368 latae
417 1341 522 1367 maeloe
547 1335 640 1368 akirs
665 1334 757 1377 spjal
781 1346 821 1366 oc
844 1335 958 1378 9jalde
982 1335 1166 1378 cornqjald
1192 1346 1242 1367 mz
1267 1347 1307 1369 en
1331 1337 1371 1368 ed
1393 1337 1516 1376 sinum,

313 1403 349 1429 al
373 1397 456 1430 hans
479 1397 524 1439 fae
548 1397 666 1440 yjorde
698 1407 736 1439 ey
760 1406 853 1428 mera
877 1396 989 1427 skaclae
1013 1402 1050 1428 at
1075 1396 1132 1439 thy
1165 1397 1203 1429 in
1235 1409 1341 1430 name.
1405 1398 1517 1441 δέρων

314 1459 392 1498 han,
420 1464 458 1491 at
477 1459 544 1491 han
557 1459 659 1491 haver
678 1459 734 1500 [ὃν
753 1458 865 1501 fanqit
884 1457 998 1489 skadoe
1019 1458 1073 1500 aff
1086 1458 1172 1491 hans
1192 1459 1249 1501 fae,
1277 1459 1335 1491 tha
1354 1459 1432 1501 saelj
1450 1459 1518 1493 han

314 1521 441 1553 lltridia
472 1532 568 1552 mans
601 1519 641 1552 ed
669 1520 762 1561 fore,
809 1519 920 1563 siqher
961 1518 1020 1551 hin
1060 1531 1108 1551 aer
1137 1520 1184 1561 [ω
1216 1530 1239 1557 a
1270 1526 1307 1553 at
1340 1521 1408 1553 thee
1443 1532 1516 1553 war

315 1583 400 1615 takit
425 1594 447 1614 α
470 1583 530 1624 slot
555 1594 594 1614 oc
619 1592 656 1624 ey
680 1581 694 1613 i
718 1581 836 1613 ahmam
861 1578 967 1612 aellaer
991 1580 1005 1612 i
1029 1591 1158 1625 oenqum
1191 1581 1262 1624 dyli
1293 1582 1352 1615 kin
1376 1593 1425 1614 εει·
1449 1582 1518 1614 thet

313 1645 412 1677 Ιιιιτὶι·
453 1644 539 1677 takic
569 1653 621 1675 mz-
654 1643 781 1675 tltriclia
812 1652 910 1674 munz
943 1642 1001 1680 ed,
1039 1642 1146 1674 oellaer
1169 1642 1254 1675 bfieae
1279 1649 1346 1676 twa
1370 1647 1438 1676 6rae
1461 1655 1520 1676 um

312 1707 381 1739 hcm
412 1717 475 1750 yar
508 1705 622 1738 vidoer.
686 1702 752 1736 Cfr.
777 1703 882 1736 Andr.
916 1703 1043 1736 Sunon.
1068 1702 1140 1737 Lib.
1165 1704 1219 1737 IX.
1247 1703 1328 1748 Cap.
1352 1703 1421 1738 vn.
1482 1704 1517 1738 Si

312 1777 395 1800 vero
428 1777 589 1800 numerus
615 1765 810 1798 animalium
843 1767 955 1798 minor
988 1765 1108 1807 fuerit,
1136 1757 1260 1799 *solius
1299 1766 1451 1807 domini,
1489 1767 1519 1798 si
1565 1805 1576 1811 x

314 1831 465 1863 concivis
489 1827 601 1869 fuerit,
627 1827 786 1860 damnum
808 1827 912 1869 passi,
937 1822 1040 1869 super
1065 1828 1287 1860 aestimatione
1310 1828 1424 1860 damni
1445 1828 1518 1860 suf-

314 1892 405 1924 ficiet
444 1891 683 1933 juramentum.
743 1889 777 1921 si
811 1897 894 1921 vero
929 1887 1130 1920 animalibus
1164 1888 1325 1922 damnum
1364 1889 1518 1922 inferen-

313 1953 402 1985 tibus
449 1952 539 1985 villae
581 1951 717 1984 alterius
757 1948 964 1982 inhabitator
995 1949 1114 1991 suerit,
1161 1950 1295 1983 duobus
1327 1952 1430 1984 sociis
1463 1953 1519 1984 in-

316 2014 455 2058 digebit,
489 2019 525 2046 ut
555 2022 656 2057 super
689 2010 918 2045 aestimationis
945 2010 1058 2044 damni
1092 2014 1277 2056 quantitate
1302 2013 1405 2046 fidem
1429 2014 1518 2046 trino

314 2076 417 2108 faciat
432 2076 637 2118 juramento.
686 2074 818 2107 Eodem
841 2082 977 2117 quoque
999 2075 1171 2106 sociorum
1197 2079 1230 2107 et
1248 2074 1518 2117 juramentorum

313 2149 454 2170 numero
489 2148 526 2170 se
562 2136 741 2177 defendat,
789 2137 817 2168 si
852 2135 1010 2168 damnum
1049 2137 1084 2167 in
1127 2138 1342 2178 praesentiam
1385 2147 1518 2180 passus,

314 2200 471 2231 damnum
504 2201 627 2241 saepius
661 2198 702 2230 ab
730 2197 804 2240 ejus
830 2197 1030 2230 animalibus
1056 2203 1285 2241 conqueratur
1309 2209 1517 2242 perpessum.

313 2259 346 2294 Si
379 2272 462 2294 vero
497 2258 652 2290 dominus
691 2259 877 2292 contendat
914 2259 1075 2292 animalia
1107 2270 1168 2292 sua
1193 2262 1322 2293 nonin
1349 2262 1438 2304 agris
1462 2259 1518 2293 vel

313 2311 415 2366 pratis
457 2320 656 2363 cujuslibet,
693 2322 754 2354 sed
786 2310 925 2355 innoxia
950 2322 1216 2365 comprehensa,
1254 2322 1412 2355 damnum
1436 2332 1518 2365 pas-

314 2396 382 2426 sus,
409 2385 500 2428 quod
527 2395 568 2417 ea
594 2384 685 2427 juste
715 2385 855 2428 ceperit,
880 2385 979 2417 trium
1001 2384 1174 2418 hominum
1198 2384 1320 2429 probet
1338 2384 1518 2427 juramen-

314 2448 373 2488 tis,
415 2453 472 2479 aut
503 2447 663 2481 animalia
688 2458 763 2480 cum
789 2446 931 2480 dum-um
964 2457 1098 2480 orarum
1132 2457 1344 2482 nummorum
1375 2445 1518 2480 redimat

313 2509 563 2544 emendatione.
