<?xml version="1.0" encoding="UTF-8"?>
<!DOCTYPE html PUBLIC "-//W3C//DTD XHTML 1.0 Transitional//EN"
    "http://www.w3.org/TR/xhtml1/DTD/xhtml1-transitional.dtd">
<html xmlns="http://www.w3.org/1999/xhtml" xml:lang="en" lang="en">
 <head>
  <title>
</title>
<meta http-equiv="Content-Type" content="text/html;charset=utf-8" />
  <meta name='ocr-system' content='tesseract 3.04.00' />
  <meta name='ocr-capabilities' content='ocr_page ocr_carea ocr_par ocr_line ocrx_word'/>
</head>
<body>
  <div class='ocr_page' id='page_1' title='image "./dedamnoabanimali00cass_0048.png"; bbox 0 0 1712 2861; ppageno 0'>
   <div class='ocr_carea' id='block_1_1' title="bbox 834 103 900 151">
    <p class='ocr_par' dir='ltr' id='par_1_1' title="bbox 834 103 900 151">
     <span class='ocr_line' id='line_1_1' title="bbox 834 103 900 151; baseline 0.015 -1"><span class='ocrx_word' id='word_1_1' title='bbox 834 103 900 151; x_wconf 81' lang='lat'>40</span> 
     </span>
    </p>
   </div>
   <div class='ocr_carea' id='block_1_2' title="bbox 205 239 1532 1495">
    <p class='ocr_par' dir='ltr' id='par_1_2' title="bbox 205 239 1530 933">
     <span class='ocr_line' id='line_1_2' title="bbox 207 239 1523 293; baseline 0 -12"><span class='ocrx_word' id='word_1_2' title='bbox 207 241 307 281; x_wconf 89' lang='lat' dir='ltr'>libus</span> <span class='ocrx_word' id='word_1_3' title='bbox 339 239 435 279; x_wconf 83' lang='lat' dir='ltr'>feris</span> <span class='ocrx_word' id='word_1_4' title='bbox 467 239 557 278; x_wconf 81' lang='lat' dir='ltr'>dato</span> <span class='ocrx_word' id='word_1_5' title='bbox 587 251 632 278; x_wconf 86' lang='lat' dir='ltr'>se</span> <span class='ocrx_word' id='word_1_6' title='bbox 663 239 836 289; x_wconf 83' lang='lat' dir='ltr'><strong>exhibet,</strong></span> <span class='ocrx_word' id='word_1_7' title='bbox 867 239 974 291; x_wconf 88' lang='lat' dir='ltr'>quod</span> <span class='ocrx_word' id='word_1_8' title='bbox 993 241 1073 293; x_wconf 78' lang='lat' dir='ltr'>Jam</span> <span class='ocrx_word' id='word_1_9' title='bbox 1099 252 1151 280; x_wconf 83' lang='lat' dir='ltr'>ex</span> <span class='ocrx_word' id='word_1_10' title='bbox 1175 240 1236 279; x_wconf 87' lang='lat' dir='ltr'>illa</span> <span class='ocrx_word' id='word_1_11' title='bbox 1259 241 1397 293; x_wconf 84' lang='lat' dir='ltr'>regula</span> <span class='ocrx_word' id='word_1_12' title='bbox 1421 253 1523 293; x_wconf 90' lang='lat' dir='ltr'>pro-</span> 
     </span>
     <span class='ocr_line' id='line_1_3' title="bbox 209 319 1525 373; baseline 0.001 -14"><span class='ocrx_word' id='word_1_13' title='bbox 209 321 275 370; x_wconf 88' lang='lat' dir='ltr'>dit,</span> <span class='ocrx_word' id='word_1_14' title='bbox 306 321 346 359; x_wconf 92' lang='lat' dir='ltr'>vi</span> <span class='ocrx_word' id='word_1_15' title='bbox 369 320 478 371; x_wconf 85' lang='lat' dir='ltr'>cujus</span> <span class='ocrx_word' id='word_1_16' title='bbox 502 319 550 368; x_wconf 92' lang='lat' dir='ltr'>is,</span> <span class='ocrx_word' id='word_1_17' title='bbox 582 319 648 370; x_wconf 86' lang='lat' dir='ltr'>qui</span> <span class='ocrx_word' id='word_1_18' title='bbox 678 319 872 371; x_wconf 86' lang='lat' dir='ltr'>ejusmodi</span> <span class='ocrx_word' id='word_1_19' title='bbox 901 320 1078 359; x_wconf 84' lang='lat' dir='ltr'>animalia</span> <span class='ocrx_word' id='word_1_20' title='bbox 1109 320 1190 370; x_wconf 81' lang='lat' dir='ltr'>alit,</span> <span class='ocrx_word' id='word_1_21' title='bbox 1227 332 1273 359; x_wconf 90' lang='lat' dir='ltr'>ea</span> <span class='ocrx_word' id='word_1_22' title='bbox 1305 330 1525 373; x_wconf 80' lang='lat' dir='ltr'>eorumque</span> 
     </span>
     <span class='ocr_line' id='line_1_4' title="bbox 209 399 1527 452; baseline -0.001 -13"><span class='ocrx_word' id='word_1_23' title='bbox 209 401 383 439; x_wconf 81' lang='lat' dir='ltr'>actiones</span> <span class='ocrx_word' id='word_1_24' title='bbox 422 399 618 451; x_wconf 81' lang='lat' dir='ltr'>inspicere</span> <span class='ocrx_word' id='word_1_25' title='bbox 656 403 835 449; x_wconf 83' lang='lat' dir='ltr'>tenetur,</span> <span class='ocrx_word' id='word_1_26' title='bbox 874 400 1075 452; x_wconf 80' lang='lat' dir='ltr'>speciatim</span> <span class='ocrx_word' id='word_1_27' title='bbox 1112 404 1241 439; x_wconf 87' lang='lat' dir='ltr'>autem</span> <span class='ocrx_word' id='word_1_28' title='bbox 1280 405 1360 439; x_wconf 89' lang='lat' dir='ltr'>tum</span> <span class='ocrx_word' id='word_1_29' title='bbox 1396 412 1448 439; x_wconf 83' lang='lat' dir='ltr'>cx</span> <span class='ocrx_word' id='word_1_30' title='bbox 1478 411 1527 439; x_wconf 82' lang='lat' dir='ltr'>ea</span> 
     </span>
     <span class='ocr_line' id='line_1_5' title="bbox 208 479 1526 541; baseline -0.001 -22"><span class='ocrx_word' id='word_1_31' title='bbox 208 480 399 520; x_wconf 75' lang='lat' dir='ltr'>relatione</span> <span class='ocrx_word' id='word_1_32' title='bbox 425 480 564 531; x_wconf 85' lang='lat' dir='ltr'>elucet,</span> <span class='ocrx_word' id='word_1_33' title='bbox 594 480 634 519; x_wconf 92' lang='lat' dir='ltr'>in</span> <span class='ocrx_word' id='word_1_34' title='bbox 660 492 736 532; x_wconf 81' lang='lat' dir='ltr'>qua</span> <span class='ocrx_word' id='word_1_35' title='bbox 762 479 892 541; x_wconf 85' lang='lat' dir='ltr'>quoad</span> <span class='ocrx_word' id='word_1_36' title='bbox 918 481 1166 532; x_wconf 80' lang='lat' dir='ltr'>quantitatem</span> <span class='ocrx_word' id='word_1_37' title='bbox 1184 481 1357 532; x_wconf 85' lang='lat' dir='ltr'>ipsarum</span> <span class='ocrx_word' id='word_1_38' title='bbox 1377 480 1526 519; x_wconf 90' lang='lat' dir='ltr'>sistun-</span> 
     </span>
     <span class='ocr_line' id='line_1_6' title="bbox 209 560 1528 613; baseline -0.002 -13"><span class='ocrx_word' id='word_1_39' title='bbox 209 565 271 600; x_wconf 89' lang='lat' dir='ltr'>tur</span> <span class='ocrx_word' id='word_1_40' title='bbox 310 572 368 600; x_wconf 87' lang='lat' dir='ltr'>eae</span> <span class='ocrx_word' id='word_1_41' title='bbox 407 561 703 613; x_wconf 83' lang='lat' dir='ltr'>praestationes,</span> <span class='ocrx_word' id='word_1_42' title='bbox 743 572 830 612; x_wconf 86' lang='lat' dir='ltr'>quae</span> <span class='ocrx_word' id='word_1_43' title='bbox 868 565 987 613; x_wconf 89' lang='lat' dir='ltr'>prout</span> <span class='ocrx_word' id='word_1_44' title='bbox 1025 560 1184 609; x_wconf 89' lang='lat' dir='ltr'>animal,</span> <span class='ocrx_word' id='word_1_45' title='bbox 1235 560 1341 611; x_wconf 86' lang='lat' dir='ltr'>quod</span> <span class='ocrx_word' id='word_1_46' title='bbox 1379 560 1528 609; x_wconf 85' lang='lat' dir='ltr'>nocuit,</span> 
     </span>
     <span class='ocr_line' id='line_1_7' title="bbox 210 640 1529 693; baseline 0 -13"><span class='ocrx_word' id='word_1_47' title='bbox 210 640 338 680; x_wconf 85' lang='lat' dir='ltr'>ferum</span> <span class='ocrx_word' id='word_1_48' title='bbox 369 651 418 679; x_wconf 91' lang='lat' dir='ltr'>an</span> <span class='ocrx_word' id='word_1_49' title='bbox 449 642 693 680; x_wconf 83' lang='lat' dir='ltr'>mansvetum</span> <span class='ocrx_word' id='word_1_50' title='bbox 723 640 805 690; x_wconf 80' lang='lat' dir='ltr'>sit,</span> <span class='ocrx_word' id='word_1_51' title='bbox 831 642 1073 693; x_wconf 84' lang='lat' dir='ltr'>praescriptae</span> <span class='ocrx_word' id='word_1_52' title='bbox 1112 645 1201 679; x_wconf 83' lang='lat' dir='ltr'>sunt</span> <span class='ocrx_word' id='word_1_53' title='bbox 1210 653 1222 688; x_wconf 85' lang='lat'><em>3</em></span> <span class='ocrx_word' id='word_1_54' title='bbox 1260 645 1341 679; x_wconf 89' lang='lat' dir='ltr'>tum</span> <span class='ocrx_word' id='word_1_55' title='bbox 1381 649 1433 679; x_wconf 82' lang='lat' dir='ltr'>ex</span> <span class='ocrx_word' id='word_1_56' title='bbox 1462 652 1529 690; x_wconf 83' lang='lat' dir='ltr'>eo,</span> 
     </span>
     <span class='ocr_line' id='line_1_8' title="bbox 211 711 1529 773; baseline 0 -14"><span class='ocrx_word' id='word_1_57' title='bbox 211 720 332 773; x_wconf 91' lang='lat' dir='ltr'>quod,</span> <span class='ocrx_word' id='word_1_58' title='bbox 362 720 429 759; x_wconf 89' lang='lat' dir='ltr'>ubi</span> <span class='ocrx_word' id='word_1_59' title='bbox 458 720 577 760; x_wconf 89' lang='lat' dir='ltr'>homo</span> <span class='ocrx_word' id='word_1_60' title='bbox 609 720 658 759; x_wconf 89' lang='lat' dir='ltr'>ab</span> <span class='ocrx_word' id='word_1_61' title='bbox 689 719 842 759; x_wconf 88' lang='lat' dir='ltr'>animali</span> <span class='ocrx_word' id='word_1_62' title='bbox 871 719 961 759; x_wconf 88' lang='lat' dir='ltr'>fero</span> <span class='ocrx_word' id='word_1_63' title='bbox 993 711 1153 759; x_wconf 80' lang='lat' dir='ltr'>occisus</span> <span class='ocrx_word' id='word_1_64' title='bbox 1179 723 1251 769; x_wconf 88' lang='lat' dir='ltr'>est,</span> <span class='ocrx_word' id='word_1_65' title='bbox 1290 719 1410 758; x_wconf 89' lang='lat' dir='ltr'>multo</span> <span class='ocrx_word' id='word_1_66' title='bbox 1441 731 1529 759; x_wconf 79' lang='lat' dir='ltr'>ma-</span> 
     </span>
     <span class='ocr_line' id='line_1_9' title="bbox 205 799 1530 853; baseline -0.001 -13"><span class='ocrx_word' id='word_1_67' title='bbox 205 801 273 853; x_wconf 90' lang='lat' dir='ltr'>jor</span> <span class='ocrx_word' id='word_1_68' title='bbox 302 812 452 840; x_wconf 87' lang='lat' dir='ltr'>summa</span> <span class='ocrx_word' id='word_1_69' title='bbox 481 800 736 853; x_wconf 81' lang='lat' dir='ltr'>pecuniarum</span> <span class='ocrx_word' id='word_1_70' title='bbox 767 799 960 839; x_wconf 87' lang='lat' dir='ltr'>solvenda</span> <span class='ocrx_word' id='word_1_71' title='bbox 991 805 1071 850; x_wconf 88' lang='lat' dir='ltr'>est,</span> <span class='ocrx_word' id='word_1_72' title='bbox 1110 800 1144 839; x_wconf 87' lang='lat' dir='ltr'>si</span> <span class='ocrx_word' id='word_1_73' title='bbox 1175 799 1314 842; x_wconf 77' lang='lat' dir='ltr'>animai</span> <span class='ocrx_word' id='word_1_74' title='bbox 1345 799 1530 849; x_wconf 83' lang='lat' dir='ltr'>crudelis,</span> 
     </span>
     <span class='ocr_line' id='line_1_10' title="bbox 212 880 834 933; baseline 0.002 -14"><span class='ocrx_word' id='word_1_75' title='bbox 212 893 328 933; x_wconf 87' lang='lat' dir='ltr'>quam</span> <span class='ocrx_word' id='word_1_76' title='bbox 358 881 391 920; x_wconf 93' lang='lat' dir='ltr'>si</span> <span class='ocrx_word' id='word_1_77' title='bbox 421 880 523 920; x_wconf 89' lang='lat' dir='ltr'>mitis</span> <span class='ocrx_word' id='word_1_78' title='bbox 553 884 703 920; x_wconf 88' lang='lat' dir='ltr'>naturae</span> <span class='ocrx_word' id='word_1_79' title='bbox 738 885 834 920; x_wconf 88' lang='lat' dir='ltr'>erat.</span> 
     </span>
    </p>

    <p class='ocr_par' dir='ltr' id='par_1_3' title="bbox 210 958 1532 1495">
     <span class='ocr_line' id='line_1_11' title="bbox 327 958 1530 1014; baseline -0.001 -13"><span class='ocrx_word' id='word_1_80' title='bbox 327 962 571 1014; x_wconf 72' lang='lat' dir='ltr'>Praeceptum</span> <span class='ocrx_word' id='word_1_81' title='bbox 610 960 746 1013; x_wconf 86' lang='lat' dir='ltr'>capitis</span> <span class='ocrx_word' id='word_1_82' title='bbox 788 958 902 1011; x_wconf 81' lang='lat' dir='ltr'>19ni,</span> <span class='ocrx_word' id='word_1_83' title='bbox 944 973 995 1000; x_wconf 85' lang='lat' dir='ltr'>ex</span> <span class='ocrx_word' id='word_1_84' title='bbox 1026 972 1105 1013; x_wconf 91' lang='lat' dir='ltr'>quo</span> <span class='ocrx_word' id='word_1_85' title='bbox 1137 959 1318 1000; x_wconf 87' lang='lat' dir='ltr'>dominus</span> <span class='ocrx_word' id='word_1_86' title='bbox 1355 960 1530 1000; x_wconf 85' lang='lat' dir='ltr'>animalis</span> 
     </span>
     <span class='ocr_line' id='line_1_12' title="bbox 212 1040 1531 1094; baseline -0.001 -13"><span class='ocrx_word' id='word_1_87' title='bbox 212 1041 300 1091; x_wconf 88' lang='lat' dir='ltr'>feri,</span> <span class='ocrx_word' id='word_1_88' title='bbox 332 1042 439 1094; x_wconf 87' lang='lat' dir='ltr'>quod</span> <span class='ocrx_word' id='word_1_89' title='bbox 470 1042 638 1094; x_wconf 91' lang='lat' dir='ltr'>aliquem</span> <span class='ocrx_word' id='word_1_90' title='bbox 669 1040 812 1083; x_wconf 90' lang='lat' dir='ltr'>occidit</span> <span class='ocrx_word' id='word_1_91' title='bbox 841 1040 906 1080; x_wconf 87' lang='lat' dir='ltr'>vel</span> <span class='ocrx_word' id='word_1_92' title='bbox 938 1041 1168 1090; x_wconf 84' lang='lat' dir='ltr'>vulneravit,</span> <span class='ocrx_word' id='word_1_93' title='bbox 1199 1045 1346 1080; x_wconf 87' lang='lat' dir='ltr'>tantum</span> <span class='ocrx_word' id='word_1_94' title='bbox 1371 1040 1531 1081; x_wconf 88' lang='lat' dir='ltr'>solvere</span> 
     </span>
     <span class='ocr_line' id='line_1_13' title="bbox 210 1120 1531 1174; baseline 0 -14"><span class='ocrx_word' id='word_1_95' title='bbox 210 1126 389 1171; x_wconf 84' lang='lat' dir='ltr'>tenetur,</span> <span class='ocrx_word' id='word_1_96' title='bbox 430 1126 614 1174; x_wconf 88' lang='lat' dir='ltr'>quantum</span> <span class='ocrx_word' id='word_1_97' title='bbox 652 1121 685 1161; x_wconf 93' lang='lat' dir='ltr'>si</span> <span class='ocrx_word' id='word_1_98' title='bbox 722 1121 809 1173; x_wconf 89' lang='lat' dir='ltr'>ipse</span> <span class='ocrx_word' id='word_1_99' title='bbox 848 1120 999 1161; x_wconf 88' lang='lat' dir='ltr'>facinus</span> <span class='ocrx_word' id='word_1_100' title='bbox 1037 1120 1294 1173; x_wconf 80' lang='lat' dir='ltr'>perfecisset,</span> <span class='ocrx_word' id='word_1_101' title='bbox 1343 1133 1430 1160; x_wconf 88' lang='lat' dir='ltr'>cum</span> <span class='ocrx_word' id='word_1_102' title='bbox 1469 1121 1531 1171; x_wconf 88' lang='lat' dir='ltr'>iis,</span> 
     </span>
     <span class='ocr_line' id='line_1_14' title="bbox 214 1200 1531 1255; baseline -0.002 -13"><span class='ocrx_word' id='word_1_103' title='bbox 214 1214 301 1255; x_wconf 85' lang='lat' dir='ltr'>quae</span> <span class='ocrx_word' id='word_1_104' title='bbox 325 1203 365 1242; x_wconf 90' lang='lat' dir='ltr'>in</span> <span class='ocrx_word' id='word_1_105' title='bbox 389 1203 515 1255; x_wconf 88' lang='lat' dir='ltr'>capite</span> <span class='ocrx_word' id='word_1_106' title='bbox 540 1200 652 1242; x_wconf 80' lang='lat'><strong>211110</strong></span> <span class='ocrx_word' id='word_1_107' title='bbox 677 1202 1000 1254; x_wconf 88' lang='lat' dir='ltr'>praescribuntur,</span> <span class='ocrx_word' id='word_1_108' title='bbox 1029 1212 1111 1240; x_wconf 90' lang='lat' dir='ltr'>non</span> <span class='ocrx_word' id='word_1_109' title='bbox 1127 1201 1322 1253; x_wconf 86' lang='lat' dir='ltr'>congruit,</span> <span class='ocrx_word' id='word_1_110' title='bbox 1354 1213 1401 1240; x_wconf 90' lang='lat' dir='ltr'>ea</span> <span class='ocrx_word' id='word_1_111' title='bbox 1415 1212 1531 1250; x_wconf 84' lang='lat' dir='ltr'>vero,</span> 
     </span>
     <span class='ocr_line' id='line_1_15' title="bbox 214 1280 1532 1334; baseline -0.002 -12"><span class='ocrx_word' id='word_1_112' title='bbox 214 1294 302 1334; x_wconf 86' lang='lat' dir='ltr'>quae</span> <span class='ocrx_word' id='word_1_113' title='bbox 341 1282 458 1322; x_wconf 89' lang='lat' dir='ltr'>docet</span> <span class='ocrx_word' id='word_1_114' title='bbox 494 1282 619 1322; x_wconf 79' lang='lat' dir='ltr'>Andr.</span> <span class='ocrx_word' id='word_1_115' title='bbox 659 1280 830 1323; x_wconf 90' lang='lat' dir='ltr'>Sunonis</span> <span class='ocrx_word' id='word_1_116' title='bbox 868 1283 908 1321; x_wconf 90' lang='lat' dir='ltr'>in</span> <span class='ocrx_word' id='word_1_117' title='bbox 945 1282 1031 1321; x_wconf 86' lang='lat' dir='ltr'>libr.</span> <span class='ocrx_word' id='word_1_118' title='bbox 1071 1280 1117 1320; x_wconf 92' lang='lat' dir='ltr'>V.</span> <span class='ocrx_word' id='word_1_119' title='bbox 1158 1280 1253 1333; x_wconf 88' lang='lat' dir='ltr'>Cap.</span> <span class='ocrx_word' id='word_1_120' title='bbox 1290 1280 1375 1320; x_wconf 92' lang='lat' dir='ltr'>XIII</span> <span class='ocrx_word' id='word_1_121' title='bbox 1415 1280 1532 1329; x_wconf 81' lang='lat' dir='ltr'>(vide</span> 
     </span>
     <span class='ocr_line' id='line_1_16' title="bbox 213 1359 1532 1415; baseline -0.002 -12"><span class='ocrx_word' id='word_1_122' title='bbox 213 1375 332 1415; x_wconf 89' lang='lat' dir='ltr'>supra</span> <span class='ocrx_word' id='word_1_123' title='bbox 362 1376 401 1415; x_wconf 93' lang='lat' dir='ltr'>p.</span> <span class='ocrx_word' id='word_1_124' title='bbox 426 1359 483 1403; x_wconf 82' lang='lat'>38</span> <span class='ocrx_word' id='word_1_125' title='bbox 513 1366 595 1402; x_wconf 90' lang='lat' dir='ltr'>not.</span> <span class='ocrx_word' id='word_1_126' title='bbox 606 1363 683 1410; x_wconf 37' lang='grc' dir='ltr'>θ’)</span> <span class='ocrx_word' id='word_1_127' title='bbox 715 1373 795 1402; x_wconf 91' lang='lat' dir='ltr'>non</span> <span class='ocrx_word' id='word_1_128' title='bbox 824 1363 952 1402; x_wconf 91' lang='lat' dir='ltr'>minus</span> <span class='ocrx_word' id='word_1_129' title='bbox 983 1374 1139 1402; x_wconf 89' lang='lat' dir='ltr'>causam</span> <span class='ocrx_word' id='word_1_130' title='bbox 1164 1361 1282 1414; x_wconf 87' lang='lat' dir='ltr'>hujus</span> <span class='ocrx_word' id='word_1_131' title='bbox 1310 1360 1532 1400; x_wconf 82' lang='lat' dir='ltr'>antinomiae</span> 
     </span>
     <span class='ocr_line' id='line_1_17' title="bbox 213 1441 1487 1495; baseline -0.002 -12"><span class='ocrx_word' id='word_1_132' title='bbox 213 1443 402 1493; x_wconf 88' lang='lat' dir='ltr'>indicant,</span> <span class='ocrx_word' id='word_1_133' title='bbox 434 1455 549 1495; x_wconf 86' lang='lat' dir='ltr'>quam</span> <span class='ocrx_word' id='word_1_134' title='bbox 580 1441 777 1495; x_wconf 84' lang='lat' dir='ltr'>quodnam</span> <span class='ocrx_word' id='word_1_135' title='bbox 806 1446 1049 1494; x_wconf 85' lang='lat' dir='ltr'>praeceptum</span> <span class='ocrx_word' id='word_1_136' title='bbox 1078 1441 1302 1495; x_wconf 86' lang='lat' dir='ltr'>praevalere</span> <span class='ocrx_word' id='word_1_137' title='bbox 1333 1441 1487 1481; x_wconf 87' lang='lat' dir='ltr'>debeat.</span> 
     </span>
    </p>
   </div>
   <div class='ocr_carea' id='block_1_3' title="bbox 217 1592 1536 1860">
    <p class='ocr_par' dir='ltr' id='par_1_4' title="bbox 217 1592 1536 1860">
     <span class='ocr_line' id='line_1_18' title="bbox 805 1592 953 1652; baseline -0.007 -12"><span class='ocrx_word' id='word_1_138' title='bbox 805 1596 838 1652; x_wconf 60' lang='grc' dir='ltr'><strong>ς</strong></span> <span class='ocrx_word' id='word_1_139' title='bbox 877 1592 953 1640; x_wconf 82' lang='lat'>15.</span> 
     </span>
     <span class='ocr_line' id='line_1_19' title="bbox 217 1704 1536 1771; baseline -0.004 -14"><span class='ocrx_word' id='word_1_140' title='bbox 217 1711 493 1771; x_wconf 66' lang='lat' dir='ltr'>Praeceptum</span> <span class='ocrx_word' id='word_1_141' title='bbox 529 1709 723 1769; x_wconf 78' lang='lat' dir='ltr'>ejusdem</span> <span class='ocrx_word' id='word_1_142' title='bbox 759 1709 869 1768; x_wconf 59' lang='grc' dir='ltr'>ἱερεῖς·</span> <span class='ocrx_word' id='word_1_143' title='bbox 906 1706 961 1755; x_wconf 83' lang='lat' dir='ltr'>de</span> <span class='ocrx_word' id='word_1_144' title='bbox 997 1708 1154 1761; x_wconf 82' lang='lat' dir='ltr'>damno</span> <span class='ocrx_word' id='word_1_145' title='bbox 1184 1707 1241 1754; x_wconf 76' lang='lat' dir='ltr'>ab</span> <span class='ocrx_word' id='word_1_146' title='bbox 1271 1704 1536 1754; x_wconf 74' lang='lat' dir='ltr'>animalibus</span> 
     </span>
     <span class='ocr_line' id='line_1_20' title="bbox 433 1800 1324 1860; baseline -0.003 -13"><span class='ocrx_word' id='word_1_147' title='bbox 433 1802 624 1860; x_wconf 75' lang='lat' dir='ltr'>alicujzcs</span> <span class='ocrx_word' id='word_1_148' title='bbox 660 1802 845 1847; x_wconf 78' lang='lat' dir='ltr'>alterius</span> <span class='ocrx_word' id='word_1_149' title='bbox 882 1800 1147 1846; x_wconf 75' lang='lat' dir='ltr'>animalibus</span> <span class='ocrx_word' id='word_1_150' title='bbox 1185 1800 1324 1845; x_wconf 76' lang='lat' dir='ltr'>illato.</span> 
     </span>
    </p>
   </div>
   <div class='ocr_carea' id='block_1_4' title="bbox 216 1922 1537 2544">
    <p class='ocr_par' dir='ltr' id='par_1_5' title="bbox 216 1922 1537 2544">
     <span class='ocr_line' id='line_1_21' title="bbox 331 1922 1535 1980; baseline -0.004 -14"><span class='ocrx_word' id='word_1_151' title='bbox 331 1926 498 1966; x_wconf 86' lang='lat' dir='ltr'>Ratione</span> <span class='ocrx_word' id='word_1_152' title='bbox 537 1925 667 1966; x_wconf 91' lang='lat' dir='ltr'>damni</span> <span class='ocrx_word' id='word_1_153' title='bbox 705 1924 934 1965; x_wconf 89' lang='lat' dir='ltr'>animalibus</span> <span class='ocrx_word' id='word_1_154' title='bbox 973 1923 1287 1980; x_wconf 34' lang='lat' dir='ltr'>ab-animalibus</span> <span class='ocrx_word' id='word_1_155' title='bbox 1329 1922 1420 1962; x_wconf 83' lang='lat' dir='ltr'>illati</span> <span class='ocrx_word' id='word_1_156' title='bbox 1455 1933 1535 1962; x_wconf 89' lang='lat' dir='ltr'>non</span> 
     </span>
     <span class='ocr_line' id='line_1_22' title="bbox 217 2001 1535 2058; baseline -0.003 -11"><span class='ocrx_word' id='word_1_157' title='bbox 217 2007 390 2047; x_wconf 90' lang='lat' dir='ltr'>continet</span> <span class='ocrx_word' id='word_1_158' title='bbox 419 2007 506 2047; x_wconf 85' lang='lat' dir='ltr'>haec</span> <span class='ocrx_word' id='word_1_159' title='bbox 534 2006 600 2046; x_wconf 82' lang='lat' dir='ltr'>lex</span> <span class='ocrx_word' id='word_1_160' title='bbox 629 2006 705 2046; x_wconf 92' lang='lat' dir='ltr'>nisi</span> <span class='ocrx_word' id='word_1_161' title='bbox 733 2016 854 2045; x_wconf 90' lang='lat' dir='ltr'>unum</span> <span class='ocrx_word' id='word_1_162' title='bbox 883 2009 1147 2058; x_wconf 81' lang='lat' dir='ltr'>praeceptum,</span> <span class='ocrx_word' id='word_1_163' title='bbox 1187 2016 1330 2057; x_wconf 88' lang='lat' dir='ltr'>nempe</span> <span class='ocrx_word' id='word_1_164' title='bbox 1367 2003 1462 2057; x_wconf 86' lang='lat' dir='ltr'>Cap.</span> <span class='ocrx_word' id='word_1_165' title='bbox 1494 2001 1535 2042; x_wconf 80' lang='lat'>4.</span> 
     </span>
     <span class='ocr_line' id='line_1_23' title="bbox 216 2077 1536 2140; baseline -0.004 -12"><span class='ocrx_word' id='word_1_166' title='bbox 216 2089 322 2128; x_wconf 91' lang='lat' dir='ltr'>Libr.</span> <span class='ocrx_word' id='word_1_167' title='bbox 354 2077 418 2137; x_wconf 82' lang='lat' dir='ltr'>XI3</span> <span class='ocrx_word' id='word_1_168' title='bbox 452 2087 559 2140; x_wconf 87' lang='lat' dir='ltr'>quod</span> <span class='ocrx_word' id='word_1_169' title='bbox 590 2097 679 2127; x_wconf 90' lang='lat' dir='ltr'>eum</span> <span class='ocrx_word' id='word_1_170' title='bbox 710 2096 843 2126; x_wconf 87' lang='lat' dir='ltr'>casum</span> <span class='ocrx_word' id='word_1_171' title='bbox 874 2093 1201 2135; x_wconf 84' lang='lat' dir='ltr'>commemorans,</span> <span class='ocrx_word' id='word_1_172' title='bbox 1234 2096 1312 2136; x_wconf 90' lang='lat' dir='ltr'>quo</span> <span class='ocrx_word' id='word_1_173' title='bbox 1335 2095 1430 2136; x_wconf 87' lang='lat' dir='ltr'>apes</span> <span class='ocrx_word' id='word_1_174' title='bbox 1462 2084 1536 2123; x_wconf 87' lang='lat' dir='ltr'>ali-</span> 
     </span>
     <span class='ocr_line' id='line_1_24' title="bbox 217 2161 1537 2222; baseline -0.005 -13"><span class='ocrx_word' id='word_1_175' title='bbox 217 2170 327 2222; x_wconf 90' lang='lat' dir='ltr'>cujus</span> <span class='ocrx_word' id='word_1_176' title='bbox 358 2181 453 2222; x_wconf 89' lang='lat' dir='ltr'>apes</span> <span class='ocrx_word' id='word_1_177' title='bbox 485 2164 643 2208; x_wconf 84' lang='lat' dir='ltr'>alterius</span> <span class='ocrx_word' id='word_1_178' title='bbox 675 2178 880 2220; x_wconf 79' lang='lat' dir='ltr'>aggressae</span> <span class='ocrx_word' id='word_1_179' title='bbox 912 2175 980 2206; x_wconf 86' lang='lat' dir='ltr'>eas</span> <span class='ocrx_word' id='word_1_180' title='bbox 1014 2161 1243 2214; x_wconf 88' lang='lat' dir='ltr'>occiderint,</span> <span class='ocrx_word' id='word_1_181' title='bbox 1274 2164 1463 2218; x_wconf 84' lang='lat' dir='ltr'>praecipit,</span> <span class='ocrx_word' id='word_1_182' title='bbox 1495 2169 1537 2203; x_wconf 91' lang='lat' dir='ltr'>ut</span> 
     </span>
     <span class='ocr_line' id='line_1_25' title="bbox 216 2245 1536 2302; baseline -0.005 -13"><span class='ocrx_word' id='word_1_183' title='bbox 216 2250 372 2302; x_wconf 83' lang='lat' dir='ltr'>utrique</span> <span class='ocrx_word' id='word_1_184' title='bbox 411 2260 527 2301; x_wconf 90' lang='lat' dir='ltr'>apum</span> <span class='ocrx_word' id='word_1_185' title='bbox 567 2248 734 2298; x_wconf 87' lang='lat' dir='ltr'>domini,</span> <span class='ocrx_word' id='word_1_186' title='bbox 774 2248 808 2287; x_wconf 84' lang='lat' dir='ltr'>si</span> <span class='ocrx_word' id='word_1_187' title='bbox 845 2247 923 2287; x_wconf 88' lang='lat' dir='ltr'>hoc</span> <span class='ocrx_word' id='word_1_188' title='bbox 957 2246 1172 2295; x_wconf 83' lang='lat' dir='ltr'>voluerint,</span> <span class='ocrx_word' id='word_1_189' title='bbox 1212 2246 1251 2285; x_wconf 91' lang='lat' dir='ltr'>in</span> <span class='ocrx_word' id='word_1_190' title='bbox 1282 2245 1536 2285; x_wconf 91' lang='lat' dir='ltr'>condominio</span> 
     </span>
     <span class='ocr_line' id='line_1_26' title="bbox 218 2325 1535 2382; baseline -0.002 -14"><span class='ocrx_word' id='word_1_191' title='bbox 218 2341 333 2382; x_wconf 87' lang='lat' dir='ltr'>apum</span> <span class='ocrx_word' id='word_1_192' title='bbox 364 2329 666 2376; x_wconf 84' lang='lat' dir='ltr'>constituantur3</span> <span class='ocrx_word' id='word_1_193' title='bbox 703 2328 809 2380; x_wconf 91' lang='lat' dir='ltr'>quod</span> <span class='ocrx_word' id='word_1_194' title='bbox 840 2328 873 2367; x_wconf 91' lang='lat' dir='ltr'>si</span> <span class='ocrx_word' id='word_1_195' title='bbox 902 2327 980 2367; x_wconf 89' lang='lat' dir='ltr'>hoc</span> <span class='ocrx_word' id='word_1_196' title='bbox 1008 2327 1205 2366; x_wconf 87' lang='lat' dir='ltr'>noluerint</span> <span class='ocrx_word' id='word_1_197' title='bbox 1235 2330 1352 2378; x_wconf 88' lang='lat' dir='ltr'>atque</span> <span class='ocrx_word' id='word_1_198' title='bbox 1382 2326 1429 2375; x_wconf 90' lang='lat' dir='ltr'>is,</span> <span class='ocrx_word' id='word_1_199' title='bbox 1461 2325 1535 2365; x_wconf 87' lang='lat' dir='ltr'>ad-</span> 
     </span>
     <span class='ocr_line' id='line_1_27' title="bbox 219 2406 1536 2462; baseline -0.004 -13"><span class='ocrx_word' id='word_1_200' title='bbox 219 2421 358 2450; x_wconf 82' lang='lat' dir='ltr'>versus</span> <span class='ocrx_word' id='word_1_201' title='bbox 390 2422 506 2462; x_wconf 87' lang='lat' dir='ltr'>quem</span> <span class='ocrx_word' id='word_1_202' title='bbox 537 2410 638 2449; x_wconf 90' lang='lat' dir='ltr'>actio</span> <span class='ocrx_word' id='word_1_203' title='bbox 669 2409 839 2449; x_wconf 82' lang='lat' dir='ltr'>instituta</span> <span class='ocrx_word' id='word_1_204' title='bbox 870 2411 951 2458; x_wconf 91' lang='lat' dir='ltr'>est,</span> <span class='ocrx_word' id='word_1_205' title='bbox 990 2411 1111 2460; x_wconf 85' lang='lat' dir='ltr'>neget</span> <span class='ocrx_word' id='word_1_206' title='bbox 1149 2406 1314 2447; x_wconf 84' lang='lat' dir='ltr'>alterius</span> <span class='ocrx_word' id='word_1_207' title='bbox 1353 2417 1448 2459; x_wconf 85' lang='lat' dir='ltr'>apes</span> <span class='ocrx_word' id='word_1_208' title='bbox 1485 2418 1536 2445; x_wconf 83' lang='lat' dir='ltr'>ex</span> 
     </span>
     <span class='ocr_line' id='line_1_28' title="bbox 219 2473 1536 2544; baseline -0.004 -14"><span class='ocrx_word' id='word_1_209' title='bbox 219 2491 356 2544; x_wconf 79' lang='lat' dir='ltr'>apibus</span> <span class='ocrx_word' id='word_1_210' title='bbox 387 2490 509 2543; x_wconf 90' lang='lat' dir='ltr'>ipsius</span> <span class='ocrx_word' id='word_1_211' title='bbox 532 2473 715 2530; x_wconf 30' lang='lat' dir='ltr'>&#39;damnum</span> <span class='ocrx_word' id='word_1_212' title='bbox 740 2489 909 2542; x_wconf 85' lang='lat' dir='ltr'>cepisse,</span> <span class='ocrx_word' id='word_1_213' title='bbox 935 2487 1198 2540; x_wconf 86' lang='lat' dir='ltr'>juramentum</span> <span class='ocrx_word' id='word_1_214' title='bbox 1222 2486 1433 2540; x_wconf 84' lang='lat' dir='ltr'>praestabit,</span> <span class='ocrx_word' id='word_1_215' title='bbox 1464 2497 1536 2526; x_wconf 88' lang='lat' dir='ltr'>re-</span> 
     </span>
    </p>
   </div>
  </div>
 </body>
</html>
