1712 2861
827 104 893 152 36

203 244 444 296 privatorum
482 241 820 281 Antiochenorum
852 240 1012 281 fuerunt
1050 241 1268 281 devastata:
1306 241 1358 282 ita
1395 247 1523 283 tamen

202 329 243 363 ut
281 323 365 362 sine
403 322 566 362 laesione
605 322 903 374 provincialium
941 322 1177 375 provideant
1207 321 1395 373 curiales,
1444 334 1523 374 quo

204 408 320 456 pacto
352 403 571 444 animalium
602 403 822 443 militariffln
852 403 979 455 pastui
1010 402 1270 444 consulatur&

649 581 1088 622 W&—

467 774 769 856 Seotio
831 774 1263 856 secunda.

334 930 673 985 Praecepta
693 927 864 986 juris
895 928 1089 984 patrii
1119 928 1386 992 antiqui.

794 1061 826 1116 ὃ
865 1057 942 1106 13.

385 1174 621 1220 Transitus
658 1173 718 1219 ad
755 1174 872 1233 {eyes
906 1175 1085 1233 patrias
1123 1170 1344 1234 antiquas.

322 1286 420 1328 Cum
459 1298 560 1340 gens
599 1285 709 1326 rudis
751 1290 789 1325 et
829 1285 970 1325 inculta
1000 1285 1189 1338 proclivis
1220 1285 1270 1325 sit
1300 1284 1349 1325 ad
1379 1296 1427 1325 ea
1455 1296 1528 1325 re·-

205 1367 427 1421 spicienda‚
469 1379 556 1419 quae
598 1366 756 1406 omnino
792 1365 932 1406 factica
961 1366 1000 1405 in
1032 1365 1168 1405 oculos
1198 1365 1419 1416 incurrant,
1457 1377 1527 1405 ra-

204 1449 312 1488 tione
343 1448 529 1501 neglecta
560 1459 719 1497 eorum,
761 1458 848 1499 quae
888 1446 1115 1487 abscondita
1153 1445 1279 1498 magis
1311 1450 1350 1485 et
1380 1445 1528 1485 altioris

205 1528 402 1581 indaginis
433 1529 522 1578 sint,
553 1527 781 1567 naturaliter
805 1527 857 1577 fit,
888 1532 941 1577 ut,
973 1526 1040 1566 ubi
1065 1526 1246 1566 damnum
1270 1525 1414 1564 illatum
1437 1536 1528 1564 esse

206 1613 378 1660 constet,
440 1608 518 1648 hoc
569 1608 609 1647 in
667 1619 903 1660 quocunque
952 1618 1045 1647 casu
1091 1605 1388 1647 resarciendum
1437 1616 1529 1646 esse

208 1694 390 1739 censeat,
436 1689 568 1742 potius
607 1687 685 1727 hoc
722 1691 926 1740 spectans,
975 1698 1026 1726 ne
1067 1687 1154 1739 quis
1196 1687 1389 1739 jacturam
1434 1685 1530 1726 boni

208 1769 370 1821 alicujus
408 1769 598 1822 patiatur,
653 1780 768 1820 quam
805 1767 902 1817 hoc,
948 1779 1041 1806 num
1090 1758 1244 1807 indoles
1290 1767 1396 1818 facti,
1451 1754 1529 1819 quo

209 1849 390 1888 damnum
437 1848 568 1888 datum
612 1852 692 1898 est,
739 1846 932 1900 ejusmodi
970 1847 1039 1898 sit,
1092 1851 1135 1886 ut
1172 1847 1352 1900 imputari
1398 1851 1527 1899 queat.

208 1928 302 1969 Erat
339 1940 484 1968 revera
521 1928 608 1968 haec
645 1928 744 1967 ratio
784 1927 875 1967 fons
913 1932 1204 1980 praeceptorum
1233 1928 1335 1980 juris
1365 1927 1532 1967 Romani

210 2009 314 2048 circa
353 2009 535 2048 damnum
575 2009 622 2048 ab
663 2008 891 2048 animalibus
931 2007 1083 2058 datum,
1123 2007 1195 2047 sed
1234 2019 1307 2058 eo,
1347 2006 1454 2059 quod
1491 2006 1531 2046 in

209 2094 381 2141 systema
420 2090 495 2129 sibi
534 2090 628 2129 satis
667 2093 849 2129 constans
887 2087 1058 2128 redactae
1090 2083 1202 2127 erant
1231 2087 1424 2140 speciales
1455 2098 1531 2126 ex-

209 2169 302 2209 inde
342 2169 520 2209 oriundae
551 2169 735 2223 *regulae,
774 2168 941 2222 vestigia
979 2167 1089 2208 rudis
1129 2168 1355 2220 originaria}
1392 2166 1531 2208 formae

212 2250 299 2290 fere
330 2250 535 2303 perierunt
543 2263 555 2299 3
586 2250 626 2289 in
658 2249 824 2301 antiquis
856 2249 993 2302 patriis
1022 2249 1177 2301 legibus
1215 2253 1344 2288 autem
1373 2248 1437 2288 tali
1467 2248 1532 2287 in-

211 2331 376 2370 volucro
407 2342 490 2370 non
520 2331 653 2371 induta
685 2330 912 2383 simpliciter
942 2329 1094 2382 prodit,
1136 2341 1300 2382 quarum
1334 2332 1532 2382 praecepta

213 2411 301 2450 talia
332 2416 440 2461 sunt,
473 2424 560 2464 quae
592 2411 641 2451 ad
670 2411 748 2451 hoo
778 2411 907 2451 solum
937 2411 1128 2461 nitantur,
1168 2415 1211 2450 ut
1246 2409 1426 2450 damnum
1458 2408 1532 2448 da-

215 2496 293 2531 tum
324 2492 552 2544 insequatur
579 2492 786 2533 resarcitio
813 2475 1035 2545 sive‘plena
1061 2492 1146 2532 sive
1171 2490 1359 2542 aliqualis.
1416 2489 1533 2537 Quod
