1712 2861
1458 18 1552 162 N

174 276 337 326 superet
360 270 527 324 pretium
553 267 716 322 pecudis
741 267 876 319 ipsius,
909 266 1013 318 quod
1040 271 1293 319 praeceptum,
1325 267 1357 306 si
1383 266 1493 319 culpa

176 354 274 406 ejus,
306 352 371 404 qui
397 351 557 392 fundum
582 348 774 402 possidet,
806 348 948 389 factum
974 353 1045 398 est,
1078 353 1119 388 ut
1143 348 1317 401 pecudes
1343 349 1379 387 in
1406 360 1494 388 eum

177 433 423 483 devenerint,
455 430 610 483 quando
642 441 784 483 nempe
817 443 863 470 ea
888 419 1124 483 neglexerit,
1157 441 1244 481 quae
1271 428 1399 480 quoad
1425 440 1496 467 se-
1547 468 1550 471 ,

176 527 267 568 pem
292 511 570 553 exstruendam
594 511 658 551 vel
683 510 994 550 conservandam
1020 510 1224 550 instituere
1249 509 1371 561 ipsius
1397 508 1497 549 suis-

178 599 251 644 set,
284 606 371 634 eam
401 593 505 633 subit
534 591 878 641 modificationem,
911 596 951 632 ut
981 591 1161 630 dominus
1192 590 1386 642 pecudum
1418 601 1498 628 non

177 676 253 715 nisi
285 674 333 714 ad
365 673 561 714 dimidiam
591 678 742 726 partem
774 673 902 713 damni
942 672 1031 712 illati
1067 671 1327 724 praestandam
1359 675 1499 710 tenca-

179 761 255 806 tur,
286 755 377 795 vide
409 758 434 802 §
467 750 618 804 32d2m,
650 751 759 793 3tiam
791 758 830 793 et
860 752 969 793 5tam‚

298 835 394 877 Sunt
425 846 571 887 porro,
610 834 838 887 priusquam
867 833 968 873 hanc
997 834 1312 874 constitutionem
1344 832 1500 871 missam

181 916 388 965 faciamus,
429 915 507 955 duo
540 916 625 968 ejus
656 919 855 967 praecepta
887 914 1110 964 afferenda,
1146 926 1232 966 quae
1263 918 1342 953 tum
1372 926 1502 966 prop-

179 1002 242 1036 ter
272 1000 547 1049 argumentum
577 995 753 1049 ipsorum
785 995 877 1034 satis
909 1007 1054 1048 grave,
1090 999 1170 1036 tum
1202 995 1252 1034 ol)
1283 995 1321 1034 id
1353 995 1503 1047 princi-

182 1079 302 1132 pium,
334 1077 440 1130 quod
470 1076 644 1115 indicare
675 1075 871 1126 videntur,
903 1077 1071 1129 insignia
1102 1081 1213 1124 sunt3
1253 1076 1506 1128 intelligimus

183 1171 244 1209 ea,
277 1170 365 1211 quae
397 1162 451 1205 §S
483 1154 574 1197 342³
600 1162 638 1197 et
662 1153 767 1196 43ti-1
791 1157 1054 1207 continentur,
1087 1169 1249 1209 quarum
1274 1158 1386 1210 prior
1410 1169 1506 1196 san-

185 1240 250 1290 cit,
280 1244 322 1280 ut
351 1240 384 1279 si
415 1239 504 1291 quis
535 1251 701 1290 equum,
734 1238 799 1290 qui
831 1239 962 1290 quinta
993 1239 1101 1289 vice,
1133 1239 1296 1278 aliamve
1331 1239 1507 1290 quadru-

186 1320 352 1374 pedem,
393 1331 480 1371 quae
513 1324 649 1371 quarta
679 1319 766 1358 vice
796 1319 835 1359 in
866 1320 990 1371 ipsius
1022 1319 1184 1360 fundum
1216 1320 1395 1370 irruerit,
1433 1320 1509 1359 de-

187 1400 465 1454 prehenderit,
504 1412 585 1440 non
624 1399 743 1440 modo
783 1401 952 1453 pretium
990 1401 1247 1441 redemtionis
1278 1400 1511 1442 solvendum

189 1484 250 1533 sit,
283 1482 355 1522 sed
379 1481 508 1532 etiam,
539 1482 779 1534 pauperibus
804 1481 1087 1533 applicandum,
1114 1482 1313 1522 dimidium
1344 1464 1512 1535 pretium

190 1562 368 1616 pecudis,
401 1574 487 1614 quae
518 1562 672 1615 publica
703 1563 883 1603 auctione
910 1562 1118 1602 vendenda
1143 1567 1215 1612 cst,
1246 1563 1296 1602 ita
1321 1567 1362 1603 ut
1387 1568 1515 1602 emtor

193 1644 292 1696 ejus,
324 1644 356 1682 si
381 1654 461 1682 non
483 1647 619 1682 caveat
641 1654 693 1682 ne
717 1643 756 1682 in
783 1642 944 1683 fundum
969 1643 1138 1684 alienum
1161 1643 1284 1684 irruat
1309 1644 1369 1683 vcl
1394 1656 1516 1696 super

189 1725 333 1777 justam
364 1735 502 1784 sepem
532 1705 789 1777 ingrediatur,
830 1736 928 1773 eam,
959 1724 1199 1777 pauperibus
1232 1725 1514 1777 applicandam,

195 1805 360 1853 amittat;
400 1804 503 1843 circa
535 1805 712 1844 animalia
742 1816 842 1844 vcro
874 1804 992 1855 alata,
1034 1817 1122 1856 quae
1157 1811 1295 1857 quarto
1328 1818 1518 1859 compre-.

194 1885 433 1935 henduntur,
465 1886 698 1937 praescribit,
729 1890 770 1927 ut
797 1885 1170 1939 comprehendentis
1194 1867 1275 1926 sint
1294 1892 1411 1939 atque
1436 1892 1519 1927 sta„

196 1967 263 2005 tim
295 1965 534 2006 occidantur.

315 2052 340 2096 §
372 2044 477 2086 43tla
515 2047 712 2100 praecipit,
758 2051 800 2086 ut
838 2047 871 2086 si
911 2047 998 2100 quis
1036 2048 1212 2100 pecudes
1252 2048 1414 2101 alicujus
1445 2060 1520 2103 pro

197 2130 347 2170 locario
378 2129 599 2181 receperit,
645 2140 704 2168 eae
742 2140 841 2168 vero
873 2130 911 2168 in
944 2130 1072 2169 alieno
1103 2129 1226 2169 fundo
1259 2129 1521 2183 deprehonsae

200 2210 366 2260 fuerint,
412 2210 476 2249 ille
523 2222 590 2249 eas
635 2209 834 2249 redimere
881 2215 997 2262 atque
1046 2210 1176 2250 damni
1222 2212 1523 2251 resarcitionem

201 2297 394 2345 praestare
424 2296 617 2342 teneatur,
648 2292 700 2331 ita
730 2296 859 2331 tamen
888 2297 931 2331 ut
961 2291 1011 2341 ei,
1044 2292 1109 2344 qui
1133 2292 1309 2344 pecudes
1335 2303 1523 2344 compre-

204 2372 360 2423 liendit,
407 2385 459 2412 ex
490 2373 536 2412 iis
567 2373 872 2412 satisfactionem
904 2378 1043 2426 petere
1074 2373 1207 2422 liceat,
1254 2372 1362 2412 salvo
1393 2378 1523 2412 tamen

205 2465 395 2507 regressu
434 2453 580 2494 domini
619 2453 760 2506 pecu-d„
792 2466 814 2492 n
854 2453 1045 2494 adversus
1086 2466 1195 2505 cum,
1243 2454 1308 2507 qui
1356 2454 1437 2494 illas
1485 2453 1523 2494 in

204 2547 392 2589 pascuum
423 2535 584 2590 recepit.

1554 165 1589 214 χ
