1712 2861
856 87 924 136 90

229 222 457 277 respiciunt,
486 231 567 262 non
597 232 696 262 vero
727 222 873 275 ferunt,
903 228 945 264 ut
972 223 1056 275 ille,
1095 224 1129 264 si
1158 236 1253 265 usus
1283 225 1460 267 animalis
1488 227 1550 268 al-

229 304 305 344 teri
336 314 550 343 concessus
581 302 718 353 fuerit,
765 316 787 343 a
824 306 1077 357 praestatione
1107 306 1339 359 praescripta
1368 307 1548 348 immunis

228 385 292 435 sit,
323 393 411 436 quae
442 384 713 436 interpretatio
745 395 796 423 eo
827 385 943 424 etiam
974 385 1247 436 confirmatur,
1279 387 1389 438 quod
1418 387 1551 428 domi-

229 477 304 505 nus
347 464 519 504 animalis
548 463 729 509 nocentis
758 464 799 503 in
827 464 989 517 speciali
1024 465 1102 505 hoc
1131 477 1225 506 casu
1253 471 1408 508 reatum
1435 469 1478 509 in
1505 481 1552 510 se

231 545 477 586 contraxisse
508 544 756 585 aestimandus
781 549 854 595 est,
885 545 1025 585 animal
1048 545 1110 585 alii
1134 547 1322 587 utendum
1343 548 1552 601 tradendo,

230 627 340 678 cujus
370 625 543 665 indolem
573 637 737 678 pravam
767 625 956 678 ignorare
985 637 1066 665 non
1096 628 1288 679 potuerit3
1331 633 1402 668 art.
1433 629 1551 670 deni-

231 718 308 759 que
339 704 419 745 5tus
451 710 490 745 et
520 702 599 745 6tus
631 705 809 758 ejusdem
851 705 986 758 capitis
1016 717 1098 746 non
1126 707 1202 748 nisi
1232 707 1433 750 dominum
1462 710 1552 750 ani-

230 787 340 827 malis
362 786 541 827 laedentis
566 791 888 827 commemorant.
932 787 994 848 Ex
1024 799 1088 838 eo,
1120 788 1228 840 quod
1257 789 1442 829 articulus
1471 787 1554 830 4tus

228 873 309 908 tum
340 867 672 918 „Qiermw‘oenst
703 872 784 908 tum
814 880 925 919 eum,
966 870 1070 923 „inm
1100 869 1183 910 bem
1213 867 1227 911 i
1256 866 1378 918 -Doebb
1410 869 1552 924 ἔκπωμ’

229 949 425 999 nominat,
470 948 524 988 nil
562 948 755 988 adversus
793 950 1025 989 sententiam
1055 953 1230 989 nostram
1260 941 1402 990 deduci
1430 962 1552 1004 posse

231 1040 453 1078 censemus,
485 1029 631 1081 quippe
663 1040 782 1081 quum
810 1034 996 1082 respectu
1027 1030 1249 1070 animalium
1278 1029 1470 1082 ferorum,
1501 1031 1552 1071 de

232 1110 372 1162 quibus
405 1109 589 1149 articulus
618 1109 804 1162 loquitur,
835 1110 1018 1163 specialis
1049 1111 1149 1150 ratio
1181 1111 1368 1162 obtineat,
1399 1124 1452 1151 ex
1475 1123 1555 1164 qua

229 1190 316 1229 talis
348 1190 535 1243 obligatio
567 1191 606 1230 in
637 1203 739 1242 eum,
771 1191 838 1244 qui
867 1202 949 1231 non
979 1191 1174 1242 dominus,
1204 1192 1278 1232 sed
1306 1191 1426 1232 modo
1450 1203 1551 1246 pos-

230 1282 367 1311 sessor
398 1282 538 1310 eorum
569 1275 652 1321 est,
684 1271 900 1311 deferatur.

347 1352 434 1392 Hoc
471 1351 608 1392 saltem
647 1356 798 1393 certum
835 1352 1048 1403 habemus,
1094 1364 1176 1393 non
1206 1364 1318 1403 eum,
1363 1352 1427 1393 cui
1456 1364 1553 1393 usus

233 1433 409 1473 animalis
426 1444 639 1473 concessus
656 1433 788 1484 fuerit,
811 1434 884 1474 sed
909 1434 1123 1484 dominum,
1147 1447 1200 1474 ex
1224 1430 1388 1475 6-10-3
1413 1434 1555 1485 teneri,

230 1513 297 1553 ubi
327 1513 380 1553 illi
410 1514 549 1553 animal
579 1513 766 1554 utendum
795 1514 1020 1564 tradiderit,
1067 1514 1175 1567 quod
1217 1515 1328 1568 prius
1362 1515 1443 1567 jam
1472 1526 1553 1555 no-

231 1595 398 1645 cuisset,
442 1598 524 1634 tum
562 1595 666 1634 enim
702 1595 802 1635 ratio
842 1595 1051 1648 praecepti,
1098 1594 1206 1647 quod
1250 1595 1292 1635 in
1337 1595 1555 1648 posteriori

229 1675 407 1715 membro
441 1675 592 1715 articuli
621 1675 722 1716 illius
754 1677 989 1727 continetur,
1019 1676 1059 1715 in
1089 1675 1290 1716 dominum
1320 1676 1441 1726 cadit,
1487 1680 1550 1716 at-

232 1767 310 1807 que
340 1755 405 1795 vel
434 1756 602 1796 maxime
632 1757 807 1809 iniquum
838 1756 964 1807 foret,
1010 1768 1100 1796 eum
1138 1756 1280 1809 maj0ri
1315 1757 1381 1797 illa
1409 1756 1550 1797 mulcta

229 1835 405 1886 afficere,
438 1837 504 1888 qui
534 1837 694 1887 animal,
735 1837 842 1890 quod
871 1837 1059 1878 utendum
1089 1839 1261 1892 accepit,
1293 1837 1379 1890 ejus
1408 1836 1552 1877 indolis

231 1928 322 1957 esse
352 1917 550 1957 nescierit.

345 1997 493 2038 Eadem
531 1997 593 2038 rei
630 1998 855 2051 spectandae
892 1998 994 2039 ratio
1035 1999 1166 2052 quoad
1195 1999 1396 2053 posterius
1426 2011 1554 2041 mem-

229 2079 344 2129 brum
374 2079 525 2119 articuli
557 2077 608 2120 6ti
642 2079 820 2133 ejusdem
851 2080 986 2134 capitis
1017 2070 1252 2134 applicanda
1276 2081 1363 2122 erit.

347 2160 548 2208 Quatenus
579 2165 754 2200 ceterum
778 2161 850 2201 cel.
869 2152 1013 2201 Orsted
1036 2162 1076 2201 in
1100 2174 1148 2202 ea
1172 2162 1404 2215 quaestione,
1435 2173 1552 2214 quam

231 2240 542 2293 disquisivimus,
573 2241 773 2282 tractanda
802 2247 955 2293 monet,
986 2254 1067 2283 non
1098 2254 1209 2293 esse,
1249 2254 1320 2283 cur
1349 2247 1551 2292 statuatur,

229 2322 264 2361 si
304 2323 390 2373 quis
429 2335 467 2362 v.
500 2335 533 2362 c.
575 2335 718 2375 equum
756 2323 858 2362 vitiis
888 2323 1098 2363 immunem
1129 2323 1242 2364 alteri
1272 2324 1461 2364 locaverit
1489 2322 1553 2362 vel

231 2402 560 2453 commodaverit,
607 2403 788 2443 damnum
828 2404 933 2456 quod
971 2404 1036 2444 hic
1081 2405 1293 2445 temerarie
1339 2402 1551 2457 equitando

230 2483 294 2523 vel
324 2483 507 2525 vehendo
539 2484 602 2525 vel
632 2484 836 2538 illegitimo
867 2497 942 2526 usu
970 2485 1064 2539 equi
1089 2485 1256 2537 dederit,
1286 2483 1552 2539 praestandum
