1712 2861
788 123 850 172 14

160 274 274 315 quam
312 261 439 313 tetigit
469 260 714 314 quadrupes,
759 265 802 300 ut
839 267 931 314 puta
969 263 1001 301 si
1040 261 1213 315 plaustro
1244 263 1318 301 bos
1349 250 1476 303 obtri-

158 343 212 382 vit
243 341 409 394 aliquem
441 340 504 381 vel
534 341 606 381 alia
636 353 682 381 re
714 341 865 394 deJecta
878 343 941 391 δίζ).

748 495 780 551 §
836 491 881 539 4.

187 609 268 654 Cui
304 613 347 654 et
382 608 599 653 adversus
635 623 761 668 quem
795 610 916 653 actio
955 608 1008 654 cle
1042 610 1262 668 pauperie
1300 609 1442 656 datur.

271 732 386 772 Actio
427 729 477 770 de
516 731 708 783 pauperie
748 711 908 771 domirso
949 731 1034 783 ejus
1072 732 1155 782 rei,
1202 732 1264 771 cui
1302 732 1475 772 nocitum

156 819 230 864 est,
262 814 427 865 eJ'usque
456 811 672 851 heredibus
704 816 743 851 et
773 812 917 851 ceteris
947 813 1246 852 successoribus
1277 813 1476 866 competit,

157 900 274 946 atque
304 895 343 933 in
373 893 600 932 universum
631 892 774 944 cuique
806 893 917 945 cujus
947 893 1133 943 interest,
1172 893 1293 933 veluti
1323 894 1382 944 ei,
1414 894 1475 933 cui

155 987 223 1014 res
249 973 493 1014 commodata
517 975 677 1022 estffl‘).
737 973 861 1012 Datur
891 977 1021 1013 autem
1044 973 1130 1014 haec
1153 974 1253 1014 actio
1284 974 1476 1014 adversus

158 1068 270 1105 eum,
313 1056 379 1107 qui
409 1054 589 1094 dominus
621 1058 681 1093 est
711 1054 906 1104 animalis,
942 1066 964 1093 a
996 1066 1074 1106 quo
1107 1054 1287 1095 damnum
1317 1055 1475 1105 illatum,

157 1148 207 1176 eo
237 1140 440 1188 tempore,
472 1146 551 1187 quo
581 1135 630 1174 lis
661 1139 878 1174 contestata
909 1139 990 1184 est,
1029 1136 1132 1175 nulla
1162 1136 1317 1176 ratione
1346 1135 1475 1176 habita

156 1218 264 1270 erS,
296 1216 407 1268 cujus
439 1215 510 1255 fuit
541 1215 790 1268 quadrupes,
822 1227 908 1254 cum
938 1215 1201 1266 nocuit*‘*²‘·‘)‚
1233 1220 1273 1255 et
1301 1215 1476 1268 quidem,

156 1298 189 1337 si
220 1296 361 1336 animal
392 1297 432 1335 in
463 1297 635 1336 dominio
674 1297 843 1349 plurium
875 1296 1125 1335 constitutum
1156 1300 1236 1346 est,
1282 1296 1474 1336 adversus

155 1378 333 1430 singulos
364 1377 404 1416 in
434 1377 676 1426 solidu1n†).
746 1376 874 1417 Causa
905 1377 989 1430 ejus
1028 1376 1239 1429 praecepti‚
1283 1376 1323 1416 vi
1364 1377 1474 1429 cujus

156 1459 256 1497 actio
304 1463 441 1497 contra
489 1469 579 1496 eum
619 1457 751 1507 datur,
799 1457 866 1509 qui
911 1462 1092 1510 tempore
1130 1457 1207 1497 litis
1246 1461 1474 1498 contestatae

156 1539 338 1578 dominus
370 1538 544 1578 animalis
576 1542 656 1588 est,
695 1538 729 1578 si
758 1538 952 1578 theoriam
983 1538 1021 1577 in
1054 1538 1160 1591 §pho
1191 1537 1367 1578 secunda
1397 1550 1474 1578 ex-

156 1621 323 1673 positam
353 1619 564 1671 respicias,
609 1619 649 1658 in
680 1618 815 1658 oculos
846 1618 1028 1669 incurrit,
1076 1619 1221 1672 quippe
1252 1630 1340 1658 cum
1369 1630 1475 1658 noxa

155 1705 272 1753 caput
294 1701 475 1739 nocentis
499 1704 686 1751 sequatur
717 1699 764 1749 (l.
800 1696 866 1739 18.
898 1699 945 1739 D.
978 1699 1028 1739 de
1058 1699 1171 1739 furtis
1203 1684 1369 1749 [XLVII.
1401 1696 1474 1748 2])

156 1787 273 1834 atque
305 1781 547 1820 accidentale
580 1781 672 1832 quid
703 1780 771 1829 sit,
813 1780 898 1832 quis
929 1764 1117 1833 tempore¹
1140 1780 1216 1819 litis
1247 1784 1473 1820 contestatae

156 1864 196 1902 in
228 1862 401 1902 dominio
433 1861 572 1901 animal
612 1861 754 1900 habeat
779 1860 983 1913 igiturque
1013 1864 1148 1913 partes
1177 1865 1472 1913 repraesentan-

154 1944 208 1983 tis
239 1944 535 1992 sustineat-xum.

273 2025 348 2072 Qui
388 2023 527 2064 dolose
574 2027 615 2063 ut
658 2022 858 2063 dominum
905 2022 1172 2076 quadrupedis
1217 2034 1263 2063 se
1308 2021 1475 2076 gerebat

200 2209 238 2251 ςν)
266 2208 287 2242 1.
314 2208 345 2241 1.
372 2209 406 2249 ς.
434 2205 465 2240 9.
491 2207 568 2251 Dig.
594 2207 626 2240 h.
653 2213 675 2241 t.

177 2270 234 2313 ςξῇ)
261 2270 282 2303 ι.
310 2270 339 2303 1.
367 2270 401 2311 ς.
430 2268 484 2302 17.
509 2269 586 2313 Dig.
612 2270 645 2303 h.
670 2275 692 2302 t..
718 2269 770 2302 Pr.
797 2269 817 2302 l.
844 2268 875 2303 2.
901 2269 977 2313 Dig.
1004 2269 1082 2302 eod.

153 2333 231 2374 m)
258 2331 279 2364 1.
307 2331 337 2364 1.
364 2332 399 2372 ς.
428 2329 481 2365 12.
507 2331 584 2375 Dig.
611 2332 643 2365 h.
668 2337 690 2365 t.

185 2394 228 2435 ÷)
255 2393 276 2426 1.
303 2393 335 2426 1.
361 2393 396 2434 ς.
424 2392 477 2425 14.
504 2393 581 2426 eod.

162 2455 232 2498 ††)
258 2455 425 2489 Zinmiern
452 2466 483 2497 p.
508 2452 655 2489 38—39.
