1712 2861
773 106 839 155 37

146 243 198 285 ita
237 257 282 285 se
321 245 470 285 habere
509 255 560 284 ex
591 244 659 292 iis,
699 243 749 283 de
782 243 925 295 quibus
956 254 1059 282 nunc
1088 240 1364 282 disserendum
1396 243 1468 289 est,

144 326 301 380 legibus
333 324 549 379 apparebit.

737 456 770 510 §
809 451 886 499 14.

351 627 363 636 .
408 570 746 639 Praeseripta
789 569 928 640 legis
971 566 1208 622 Scaniae.

281 682 353 731 De
388 698 440 730 eo
480 699 616 740 casu,
651 697 736 744 quo
772 684 940 729 animal
974 683 1137 729 homini
1172 680 1335 728 nocuit.

263 797 363 845 Quae
402 796 475 836 hac
504 796 596 848 lege
627 796 878 836 continentur
907 800 1107 849 praecepta
1137 795 1188 835 de
1219 794 1385 844 damno,
1425 794 1473 833 ab

147 877 373 918 animalibus
405 875 607 929 quusdam
637 875 766 926 illato,
806 881 985 929 spectant
1014 881 1094 916 tum
1125 888 1216 916 eum
1247 887 1402 925 casum,
1433 875 1474 914 in

147 970 226 1011 quo
265 957 434 1007 homini,
473 961 555 996 tum
594 968 707 1006 eum,
747 968 825 1009 quo
866 957 1019 996 animali
1056 956 1121 997 vel
1159 957 1220 996 rei
1251 955 1474 996 inanimatae

145 1039 319 1079 nocitum
350 1041 421 1078 est.
468 1037 529 1077 De
559 1037 688 1090 primo
720 1049 813 1077 casu
843 1038 1072 1091 praecipitur
1102 1038 1142 1077 in
1171 1037 1272 1077 libro
1303 1035 1349 1077 V.
1377 1036 1472 1090 Cap.

147 1116 217 1170 18,
251 1116 319 1169 19,
350 1116 400 1159 21
438 1123 477 1159 et
506 1116 575 1159 22.
636 1118 828 1171 Regulam
860 1119 997 1172 capitis
1030 1115 1144 1168 18vi‚
1190 1129 1243 1158 ex
1281 1129 1357 1170 qua
1396 1129 1472 1170 pro

146 1204 274 1240 morte
312 1211 388 1252 per
425 1210 563 1238 manus
602 1198 804 1238 hominum
840 1211 922 1239 non
962 1199 1072 1249 data,
1113 1200 1197 1239 sive
1232 1211 1357 1240 cornu
1387 1199 1474 1238 sive

146 1280 369 1331 calce„sive
401 1279 520 1320 dente
551 1281 658 1319 canis
688 1279 774 1320 sive
806 1280 881 1320 alio
916 1279 1035 1320 modo
1069 1280 1192 1330 illata,
1223 1284 1307 1320 tres
1331 1291 1474 1320 marcae

145 1360 382 1415 praestandae
407 1364 497 1400 sunt
522 1350 869 1413 aut'juramentum
885 1359 1177 1410 duodenun1,⁷‘-⁴)
1204 1360 1349 1413 excipit
1364 1372 1474 1413 prae-

146 1446 303 1495 ceptum
342 1440 490 1493 Capitis
531 1438 648 1490 19¹1i‚
698 1453 777 1493 quo
825 1441 994 1494 primum
1039 1441 1283 1494 generaliter
1321 1441 1475 1492 dicitur,

145 1534 250 1573 eum,
281 1521 348 1574 qui
372 1521 553 1561 animalia
577 1520 664 1561 sera
687 1521 752 1561 vel
777 1532 872 1561 aves
898 1521 1006 1561 feras
1034 1521 1186 1572 aluerit,
1218 1533 1287 1562 eas
1313 1533 1476 1561 earum-

148 1615 227 1656 que
266 1603 443 1643 actiones
483 1613 627 1642 cavere
667 1601 841 1651 debere,
881 1601 1025 1642 deinde
1062 1614 1161 1642 vero
1193 1602 1476 1656 praescribitur‚

193 1763 232 1807 ζ’)
261 1763 349 1796 Fore
372 1762 477 1796 allam
499 1761 690 1795 handl5san
713 1763 817 1795 wadae
842 1762 917 1795 scal
939 1772 1018 1796 man
1043 1763 1151 1796 aellaer
1174 1764 1259 1797 botoe
1285 1763 1358 1796 thre
1381 1774 1477 1796 marc

266 1826 361 1859 aller
384 1825 492 1866 soeljae
517 1824 632 1867 tyltaer
655 1825 713 1864 ed,
752 1824 846 1857 badae
877 1824 952 1867 fore
982 1824 1068 1858 horn
1093 1836 1133 1858 oc
1155 1825 1230 1868 fore
1253 1825 1318 1867 hof
1338 1836 1378 1858 oc
1402 1826 1478 1868 fore

238 1896 242 1899 ’
263 1888 350 1921 hum.
375 1893 436 1920 tan
460 1898 500 1919 oc
524 1886 625 1919 allaer
647 1886 846 1919 handlosoen
869 1887 984 1918 wadae.
1014 1898 1055 1919 oc
1077 1887 1152 1929 fore
1177 1886 1346 1930 thoeskyns
1370 1888 1477 1920 wadae

265 1949 341 1982 scal
373 1959 412 1991 ey
444 1948 530 1980 botae
564 1947 782 1991 Kommqsret
814 1958 854 1979 oc
895 1958 934 1990 ey
957 1947 1204 1992 Archebe'scops
1244 1954 1330 1981 utem
1361 1949 1476 1981 hirtum

265 2011 340 2044 scal
364 2010 449 2043 hotae
474 2021 523 2042 ιε’·
545 2009 718 2041 schathaen
741 2008 817 2051 fich.
854 2008 914 2041 cfr.
941 2019 984 2041 ea
1009 2018 1084 2053 quae
1111 2010 1208 2042 affert
1230 2009 1335 2044 Andr.
1361 2010 1475 2044 Suno-

264 2074 317 2105 nis
342 2073 377 2105 in
402 2081 520 2114 opere,
545 2072 580 2104 in
606 2080 674 2114 quo
709 2074 954 2103 commentatur
980 2070 1023 2104 de
1048 2071 1128 2115 lege
1153 2071 1313 2113 Scanica,
1337 2072 1411 2107 Lib.
1435 2072 1475 2106 V.

265 2133 347 2177 Cap.
372 2133 457 2166 XIV.
513 2133 578 2166 Pro
604 2138 713 2165 morte
739 2133 898 2176 cuiquam
922 2132 1036 2175 illata,
1060 2133 1116 2166 vel
1143 2144 1163 2167 a
1186 2133 1278 2168 bove
1302 2133 1359 2168 vel
1385 2145 1476 2179 equo

266 2195 323 2228 vel
349 2205 435 2228 cane
459 2194 515 2227 vel
542 2196 662 2238 quovis
689 2194 769 2236 alio,
796 2194 889 2238 quod
912 2200 1122 2228 mansvetam
1145 2201 1300 2229 naturam
1335 2201 1368 2229 et
1400 2207 1476 2229 cum

273 2257 468 2290 hominibus
482 2258 779 2290 conversationem
792 2256 919 2289 habeat
941 2257 1091 2299 animali,
1116 2262 1184 2291 tres
1205 2263 1334 2291 tantum
1354 2268 1478 2292 marcae

267 2318 486 2352 denariorum
511 2319 650 2352 domino
674 2317 933 2361 praestabuntur.
982 2318 1185 2364 Quicunque
1209 2330 1294 2353 vero
1318 2319 1387 2354 tale
1414 2321 1478 2354 ali-

267 2380 359 2425 quod
385 2380 512 2413 factum
544 2389 673 2424 negare
698 2380 857 2422 voluerit,
893 2382 1112 2424 negationem
1137 2392 1233 2415 suam
1259 2382 1381 2426 probet
1405 2393 1480 2416 ma-

266 2453 329 2476 nus
355 2441 570 2475 duodecimae
590 2442 806 2484 juramento:
833 2442 1018 2476 Confessus
1043 2453 1146 2485 vero⁷
1173 2454 1215 2478 eo
1240 2446 1380 2478 nomine
1405 2446 1480 2487 regi

266 2505 322 2537 vel
358 2505 495 2538 antistiti
528 2503 574 2537 nil
601 2504 781 2547 persolvet.
