1712 2861
836 111 902 160 46

783 253 816 307 ς
873 249 951 296 17.

725 363 1021 410 Continuatio.

329 479 532 530 Praecepta
571 477 681 517 allata
720 478 948 531 applicanda
988 490 1099 528 esse,
1143 479 1178 519 si
1215 478 1351 519 similis
1389 479 1527 519 relatio

216 560 315 599 inter
345 559 538 611 privatum
570 563 609 599 et
639 563 865 598 exactorem
898 559 1008 611 regis
1038 559 1103 598 vel
1133 559 1422 612 archiepiscopi
1445 558 1528 599 ‘ex-

213 640 367 688 stiterit,
410 639 526 678 docet
557 637 684 690 Caput
715 639 902 689 quintum,
933 638 1040 690 quod
1070 650 1195 690 porro
1225 641 1458 691 praescribit,
1490 646 1530 681 ut

214 719 371 772 quando
401 731 476 758 rex
504 718 569 758 vel
600 718 921 770 archiepiscopus
952 717 991 756 in
1022 718 1110 758 aula
1140 719 1318 771 ipsorum
1358 731 1529 760 versan-

212 806 298 851 tur,
342 800 515 852 majores
545 798 700 838 mulctae
730 797 965 850 praestandae
995 798 1092 848 sint,
1144 799 1178 838 si
1207 811 1331 851 pecus
1361 800 1531 840 alienum

213 893 265 920 ex
288 880 497 933 proposito
528 879 568 918 in
591 883 771 931 segetem
797 890 934 918 eorum
958 878 1171 918 immissum
1195 878 1324 920 fuerit.
1380 880 1532 928 Quodsi

215 965 343 1001 autem
371 973 422 1000 ex
444 959 661 1012 improviso
691 971 814 1011 pecus
844 959 883 998 in
914 963 1094 1011 segetem
1125 959 1343 1010 devenerit,
1373 965 1531 1001 tenetur

215 1041 409 1091 dominus,
441 1041 617 1092 quamvis
641 1051 715 1079 rex
738 1039 803 1079 vel
833 1039 1154 1092 archiepiscopus
1184 1040 1225 1079 in
1256 1040 1342 1079 aula
1372 1040 1530 1092 habitat,

213 1121 333 1161 modo
373 1120 422 1160 ad
461 1119 759 1159 resarcitionem
799 1119 928 1159 damni
966 1120 1056 1160 illati
1103 1121 1365 1173 praestandam
1412 1127 1530 1175 atque

208 1202 432 1255 juramento
463 1201 567 1240 trino
599 1199 893 1250 affirmandum,
939 1200 1032 1240 illud
1072 1201 1185 1253 culpa
1233 1200 1378 1241 factum
1425 1214 1530 1253 esse,

216 1293 303 1334 quae
336 1281 464 1321 omnia
496 1281 532 1320 ei
562 1280 758 1333 principio
791 1281 1049 1331 conveniunt,
1091 1292 1142 1320 ex
1174 1292 1275 1333 quo,
1306 1286 1349 1322 ut
1377 1283 1531 1323 ratione

213 1362 403 1416 praecepti
434 1360 579 1415 Capitis
610 1360 774 1400 secundi
803 1361 842 1400 in
874 1361 981 1414 §pho
1013 1361 1270 1401 antecedente
1294 1363 1530 1414 monuimus,

214 1443 395 1483 dominus
435 1441 608 1482 animalis
647 1441 848 1491 nocentis,
899 1441 933 1481 si
973 1442 1103 1494 segeti
1150 1442 1314 1495 alicujus
1359 1443 1532 1483 nocitum

213 1523 346 1573 fuerit,
376 1522 495 1562 modo
528 1521 576 1561 ad
607 1521 789 1561 damnum
817 1521 1116 1561 resarciendum
1146 1526 1316 1574 tenetur,
1347 1524 1415 1563 uhi
1445 1524 1531 1564 sine

214 1603 306 1644 dolo
347 1603 432 1656 ejus
470 1602 582 1643 laesio
613 1601 714 1641 sacta
745 1606 824 1652 est,
864 1601 957 1641 alias
989 1607 1119 1641 autem
1148 1614 1279 1656 poena
1308 1609 1530 1644 coercetur.

214 1684 392 1727 Sancitur
430 1693 578 1736 porro,
631 1686 673 1720 ut
710 1682 744 1722 si
783 1687 946 1722 exactor
992 1683 1103 1735 regis
1142 1682 1206 1722 vel
1244 1664 1534 1737 archiepiscopi

213 1766 383 1818 aliquem
423 1763 472 1803 de
512 1763 654 1804 damno
693 1762 902 1803 manifesto
941 1775 1016 1815 per
1062 1763 1211 1820 pecora
1257 1764 1380 1816 ipsius
1427 1764 1531 1804 illato

328 1892 396 1920 tam
423 1898 442 1919 a
461 1886 616 1929 juridicis
640 1892 791 1930 reportet
814 1889 1035 1929 sententiam,
1067 1892 1104 1920 ut
1126 1889 1162 1920 in
1186 1888 1280 1922 nullo
1312 1893 1467 1921 teneatur
1499 1889 1531 1921 ei

330 1949 374 1982 de
400 1954 524 1982 caetero
551 1949 594 1982 de
619 1949 687 1982 illis
714 1948 935 1988 animalibus,
973 1949 1136 1992 quicquid
1161 1949 1204 1983 de
1229 1951 1311 1993 ipsis
1336 1951 1531 1993 contigerit,

328 2011 551 2054 respondere.
601 2011 636 2045 Si
660 2021 744 2044 vero
769 2020 871 2054 super
903 2010 1029 2053 injusta
1054 2011 1363 2054 comprehensione
1387 2011 1443 2044 vel
1469 2011 1533 2044 de-

331 2075 482 2105 tentione
517 2072 727 2105 detentorem
761 2072 917 2105 dominus
942 2074 1105 2105 instanter
1130 2079 1286 2114 accuset,
1315 2073 1532 2116 juramento-

329 2140 439 2167 torum
471 2145 613 2167 numero
647 2135 865 2167 convenienti
898 2134 1093 2167 animalium
1133 2135 1344 2168 aestimationi
1377 2134 1532 2168 detentor

328 2196 452 2239 probet
477 2196 569 2240 quod
606 2196 762 2229 dominus
800 2195 958 2228 animalia
994 2207 1057 2229 sua
1087 2196 1179 2239 juste
1220 2201 1318 2239 capta
1361 2196 1532 2229 redimere

329 2258 579 2301 supersederit,
623 2263 701 2301 post
739 2260 935 2303 praedictam
974 2265 1104 2293 ternam
1146 2258 1332 2301 legitimam
1373 2258 1531 2291 admoni-

329 2321 469 2353 tionem.
518 2320 552 2353 Si
576 2330 659 2353 vero
686 2320 822 2353 deficiat
846 2323 880 2353 in
904 2320 1128 2364 probatione,
1152 2325 1280 2353 tantum
1306 2319 1476 2361 animalia,
1501 2321 1529 2352 si

329 2383 448 2423 possit,
474 2381 529 2414 vel
554 2384 582 2415 si
607 2393 676 2415 non
700 2385 818 2426 possit,
842 2385 986 2426 pretium
1011 2393 1130 2415 eorum
1155 2383 1309 2415 restituat
1331 2387 1408 2425 post
1432 2381 1529 2413 dam-

329 2444 363 2475 ni
390 2442 459 2475 dati
484 2445 665 2486 praestitam
691 2446 966 2486 aestimationem,
1000 2443 1041 2476 ab
1078 2445 1168 2476 omni
1204 2444 1271 2477 alia
1295 2442 1527 2476 satisfactione

329 2509 466 2548 propter
492 2506 711 2539 assertionem
736 2517 874 2540 suorum
898 2508 1031 2540 testium
1057 2510 1243 2539 excusatus.
