1712 2861
789 86 855 136 43

165 232 274 278 runt,
313 238 482 281 poenam
521 229 650 266 autem
689 224 804 264 simu}
839 223 907 264 ubi
945 222 1144 264 contrario
1184 221 1303 263 modo
1338 233 1406 263 res
1435 233 1481 262 se

164 310 309 350 habuit.
370 308 411 350 Si
447 318 592 359 nempe
632 317 684 346 ex
721 305 930 358 proposito
970 317 1057 344 cum
1096 309 1274 345 armento
1314 304 1482 344 alienum

166 402 306 443 agrum
334 388 495 438 invasit,
526 386 575 427 ad
606 386 788 426 damnum
818 385 1083 439 praestandum
1114 390 1231 437 atque
1261 390 1343 425 tres
1373 397 1483 424 mar-

166 482 232 510 cas
271 467 482 510 solvendas
519 472 700 517 tenetur,
741 479 829 506 cum
869 466 916 506 ab
965 466 1087 506 altera
1131 470 1243 518 parte
1281 466 1486 518 praecipiat

165 550 242 591 hoc
272 553 409 602 caput,
440 553 482 588 ut
511 547 714 598 dominus,
750 547 784 587 si
815 551 1032 587 armentum
1061 547 1241 586 boarium
1271 545 1335 585 vel
1366 546 1485 597 equi-

163 630 258 670 tium
288 629 352 669 vel
382 640 486 682 grex
515 629 670 669 suarius
701 640 841 681 agrum
870 627 935 667 vel
956 632 1113 680 pratum
1137 628 1306 668 alienum
1331 628 1485 680 impro-

164 711 250 751 viso
282 710 489 760 invaserit,
532 709 677 762 pignus
716 708 900 748 dimiduae
938 719 1081 748 marcae
1120 709 1224 748 circa
1252 708 1485 749 resarcitio-

163 803 255 831 nem
286 790 414 831 damni
445 790 524 830 dati
552 789 814 842 praestandam
845 789 987 828 sistere
1019 789 1236 837 debeatr).

221 872 265 912 ln
291 872 418 924 capite
448 867 540 920 3t10‚
572 870 679 922 quod
710 870 827 910 docet
851 873 1070 908 armentum
1092 869 1273 909 boarium
1303 874 1486 908 constare

163 951 234 992 Xll
248 951 390 1002 bobus,
422 955 640 991 armentum
668 951 857 1004 equitium
872 950 942 990 XII
959 951 1086 1003 equis,
1117 962 1286 1004 gregem
1311 950 1484 989 suarium

164 1032 324 1073 totidem
342 1033 491 1082 suibus,
515 1031 754 1084 praecipitur,
779 1035 822 1071 ut
845 1032 878 1071 si
905 1031 992 1083 quis
1004 1031 1222 1083 jumentum
1238 1032 1406 1071 alienum
1423 1030 1487 1070 vel

164 1113 358 1167 pecudem
390 1113 430 1152 in
454 1124 553 1166 agro
585 1113 650 1153 vel
680 1117 794 1166 prato
825 1111 1196 1164 comprehenderet,
1228 1111 1335 1164 quod
1359 1112 1392 1151 si
1418 1123 1486 1151 ar-

165 1198 338 1234 mentum
367 1205 449 1233 non
479 1194 744 1243 constituerit,
784 1193 966 1233 damnum
995 1192 1260 1245 praestandum
1291 1193 1340 1232 sit
1370 1197 1488 1244 atque

159 1275 384 1327 juramento
416 1273 701 1324 affirmandum,
732 1271 925 1327 pecudem
950 1273 1075 1325 majus
1101 1273 1284 1313 damnum
1311 1284 1392 1312 non
1422 1273 1487 1311 in-

163 1355 316 1395 tulisse.
339 1353 447 1400 -Εἰ
478 1354 660 1395 dominus
691 1354 778 1408 agri
810 1353 951 1394 asserit
980 1365 1024 1394 se
1055 1354 1166 1407 prius
1192 1355 1273 1408 jam
1305 1366 1357 1393 ex
1385 1353 1487 1392 illius

164 1435 320 1491 pecude
351 1435 534 1475 damnum
564 1435 733 1488 cepisse,
763 1434 842 1475 hoc
872 1434 1080 1474 affirmabit
1103 1434 1328 1488 juramento
1359 1435 1486 1483 tri1103

210 1572 249 1616 st)
279 1573 349 1606 Far
371 1584 451 1606 man
472 1573 548 1606 med
569 1573 681 1606 sinum
704 1573 808 1615 wiljae
831 1584 883 1606 ποτ,
906 1571 1042 1616 hjortho
1067 1573 1161 1606 suini
1185 1573 1199 1606 i
1223 1583 1359 1606 annaers
1390 1583 1488 1605 munz

281 1635 393 1679 wanyi
416 1645 468 1668 mz
491 1635 584 1668 hetnd
603 1646 643 1667 oc
664 1635 737 1667 med
755 1635 862 1675 hirde,
887 1634 1008 1679 gjaelde
1027 1635 1120 1668 akoer
1143 1635 1235 1679 spial
1259 1647 1299 1668 oc
1323 1635 1397 1668 bote
1418 1635 1491 1667 thre

280 1708 388 1737 marc,
413 1696 519 1729 aelloer
539 1696 610 1739 dyli
629 1707 681 1729 πη
699 1696 834 1739 eylthoer
853 1696 917 1729 eth.
951 1695 1103 1729 Cnmbaer
1123 1696 1239 1738 kjorlh
1259 1696 1365 1730 aelloer
1378 1697 1491 1730 stooth

283 1758 389 1791 oellaer
401 1759 510 1792 swina
530 1759 627 1791 wrad
645 1769 698 1791 mz
722 1759 820 1791 wada
847 1759 861 1791 i
891 1768 1020 1791 annars
1045 1770 1144 1792 manz
1164 1759 1256 1792 akaer
1276 1759 1381 1792 aebloer
1403 1771 1488 1803 (της,

282 1820 382 1864 loeyqi
399 1820 480 1863 half
494 1832 589 1853 marc
611 1821 696 1852 woecl
717 1821 812 1862 sore,
839 1831 879 1853 oc
901 1809 1004 1852 moete'
1021 1819 1114 1853 akaer
1137 1821 1238 1865 spial.
1291 1820 1359 1854 Csr.
1383 1820 1489 1854 Andr.

282 1881 362 1916 Sun.
383 1882 456 1916 Lib.
469 1880 528 1915 Ixj
548 1881 628 1925 Cap.
643 1882 712 1916 vn.
749 1882 784 1916 Si
806 1882 945 1926 quidem
967 1883 1180 1916 aestimationi
1202 1882 1316 1916 damni
1339 1883 1407 1916 dati
1420 1888 1490 1915 tres

282 1954 414 1977 mai-cas
445 1954 660 1977 nummorum
685 1943 850 1988 adjunget
875 1943 1031 1976 dominus
1056 1945 1084 1976 si
1110 1954 1251 1988 gregem
1276 1956 1393 1987 suum,
1435 1950 1493 1977 aut

271 2006 447 2049 'equitium
469 2005 513 2038 ad
534 2007 644 2038 minus
666 2005 851 2039 duodecim
873 2005 1040 2048 capitibus
1060 2008 1290 2049 constitutum,
1315 2009 1350 2040 in
1371 2017 1490 2050 agrum

281 2068 337 2101 vel
369 2073 501 2111 pratum
518 2089 520 2091 >
535 2079 612 2101 cum
642 2052 781 2111 pastore
813 2072 847 2100 et
870 2077 960 2100 cane
984 2067 1108 2111 dirigat
1133 2068 1295 2110 alienum,
1320 2069 1375 2102 vel
1402 2080 1489 2102 con-

283 2140 388 2163 sensu
408 2140 484 2171 suo,
510 2129 670 2162 damnum
692 2128 806 2163 datum
828 2128 991 2163 duodeno
1013 2130 1220 2164 inficiabitur
1235 2131 1489 2174 juramento.—

283 2192 320 2226 si
356 2202 440 2225 vero
485 2202 568 2224 casu
611 2197 734 2235 praeter
779 2191 909 2225 domini
946 2192 1156 2225 voluntatem
1201 2198 1335 2226 constet
1379 2203 1399 2225 a
1442 2198 1494 2225 tot

285 2253 488 2287 animalibus
514 2253 672 2287 damnum
699 2254 834 2296 datum,
867 2253 946 2287 dato
970 2255 1063 2298 prius
1087 2256 1244 2298 pig-nore,
1271 2255 1364 2299 quod
1390 2254 1490 2287 dimi-

286 2313 376 2348 diam
401 2326 550 2349 marcam
583 2327 796 2349 nummorum
820 2315 953 2358 valeat,
978 2327 1081 2360 super
1113 2318 1335 2350 aestimatione
1377 2317 1491 2350 damni

285 2376 354 2410 dati
379 2377 588 2420 praestanda,
625 2377 716 2411 facta
747 2388 767 2411 a
794 2377 928 2411 duobus
952 2378 1008 2411 vel
1033 2364 1139 2412 tribus
1165 2384 1199 2412 et
1221 2379 1366 2422 probata
1391 2381 1491 2412 trium

285 2439 460 2473 hominum
497 2441 716 2484 juramentis,
754 2451 773 2473 a
806 2440 965 2474 damnum
997 2451 1098 2484 passo
1125 2441 1282 2476 dominus
1317 2441 1489 2483 animalia,

286 2511 360 2545 quae
385 2502 544 2535 damnum
570 2502 770 2545 intulerant,
796 2507 1036 2546 consequetur.
