1712 2861
834 106 900 157 38

210 252 272 297 ut,
303 249 335 286 si
367 259 484 298 quem
513 245 809 285 vulneraverint
836 245 900 285 vel
929 244 1166 294 occiderint,
1204 244 1386 295 mulctas,
1417 255 1463 284 ac
1492 244 1526 284 si

211 329 296 380 ipse
327 313 477 366 facinus
507 325 756 378 perfecisset,
785 326 944 365 solvere
973 327 1218 374 teneaturffl.

329 406 453 459 Caput
482 404 629 446 21mum
661 417 785 458 porro
816 406 952 455 sancit,
982 410 1024 445 ut
1047 406 1113 458 qui
1136 417 1272 445 ursum
1305 405 1369 445 vel
1395 404 1529 456 lupum

213 487 274 527 vel
306 487 378 526 alia
409 487 586 526 animalia
625 498 771 526 avesve
809 485 951 526 indolis
990 486 1160 526 crudelis
1194 486 1305 535 aluit,
1346 485 1379 524 si
1412 496 1529 536 quem

212 567 447 617 occiderint,
485 579 630 606 novem
653 578 825 616 marcas,
855 567 889 606 si
919 566 1235 615 vulneraverint,
1271 570 1354 604 tres
1379 576 1531 617 marcas

212 648 336 687 solvat
346 661 357 695 3
398 648 435 685 ei
466 658 587 696 vero,
627 647 694 698 qui
724 646 901 686 animalia
930 651 1081 685 naturae
1119 645 1222 684 mitis
1253 645 1363 694 aluit,
1403 645 1530 695 qualia

213 728 452 766 aestimantur
483 737 626 765 cervus
649 725 714 765 vel
739 725 940 778 accipiter,
970 726 1150 764 mulctam
1173 725 1287 764 trium
1311 735 1531 764 marcarum

213 809 298 847 sive
315 807 402 859 quis
418 806 466 846 ab
483 807 556 847 illis
573 807 741 858 occisus,
766 805 851 846 sive
867 805 1094 846 vulneratus
1113 805 1246 856 fuerit,
1269 805 1532 859 injungit**).

260 971 299 1013 ὓ)
327 970 447 1004 Εὸάιει·
475 980 555 1001 mem
592 968 675 1000 wila
713 968 793 1010 djur
824 967 932 1000 aellaer
968 966 1079 999 wildae
1115 966 1261 1010 suqffloe,
1299 966 1418 999 hwoers
1448 965 1533 1009 kyus

331 1043 405 1065 sum
429 1031 482 1064 tlte
504 1041 594 1070 (ενα,
620 1029 731 1062 warde
755 1029 839 1062 them
864 1040 904 1062 oc
928 1029 1050 1061 therroe
1072 1027 1268 1072 gjernitaqoe.
1297 1040 1348 1061 aen
1370 1029 1429 1070 far
1451 1038 1532 1060 man

331 1105 391 1126 sar
414 1094 458 1135 af
477 1092 580 1132 them,
619 1092 705 1124 1251ae
736 1091 795 1124 hin
827 1103 874 1123 aer
906 1091 991 1123 them
1022 1101 1044 1123 α
1076 1102 1147 1123 swa
1177 1100 1273 1123 saroe.
1291 1090 1346 1122 bot
1370 1101 1444 1122 sum
1467 1075 1535 1122 han'

330 1155 460 1199 giordae
492 1153 559 1187 thet
591 1151 757 1195 sjaelzcaer.
821 1151 955 1196 Droepae
987 1153 1041 1185 the
1072 1163 1150 1185 man
1182 1152 1266 1184 126!ae
1300 1163 1341 1184 oe
1374 1151 1450 1184 then
1483 1161 1532 1183 (εν

332 1217 418 1251 them
458 1227 481 1249 a
517 1214 615 1258 fullae
647 1226 725 1248 man
757 1213 882 1254 bfitoer,
928 1223 1000 1246 swa
1031 1225 1105 1246 sum
1143 1213 1212 1246 lum
1251 1213 1352 1255 hasdo
1376 1212 1534 1254 sjoelwoer

333 1279 454 1322 droepit
477 1289 566 1310 man.
1422 1267 1432 1271 ”

240 1341 296 1384 W)
330 1340 450 1374 Fodaer
467 1351 546 1372 man
567 1339 665 1380 bjiirn
685 1336 790 1370 aellaer
809 1337 867 1380 ulf
882 1336 987 1370 aellaer
1013 1348 1130 1370 annaer
1154 1336 1233 1379 djur
1262 1336 1369 1369 aellaer
1394 1335 1533 1380 suthae,

334 1403 387 1436 the
421 1413 468 1435 aer
498 1402 541 1443 af
559 1411 715 1444 yrymmae
737 1405 871 1432 naturae
896 1409 992 1439 aeroe,
1031 1410 1071 1431 oc
1095 1399 1216 1442 draepae
1241 1398 1292 1431 the
1315 1409 1414 1437 man,
1451 1397 1536 1429 bfitae

333 1465 401 1497 han
425 1475 473 1496 ων
498 1463 582 1496 them
606 1474 629 1495 a
651 1473 696 1505 ny
719 1472 824 1494 marc.
887 1461 993 1492 Soerae
1026 1461 1080 1493 the
1101 1471 1198 1500 man,
1234 1459 1308 1493 bine
1332 1459 1405 1492 chre
1426 1470 1532 1491 marc.

337 1526 460 1559 Fadaer
490 1535 569 1557 man
601 1524 653 1556 the
684 1523 764 1565 djur
797 1533 845 1554 aer
875 1523 918 1564 af
946 1521 1045 1554 blidae
1075 1527 1209 1554 naturae
1233 1533 1330 1560 oeroe,
1365 1531 1438 1553 swa
1461 1531 1536 1553 sum

334 1588 426 1630 hjort
445 1585 551 1620 aellaer
573 1584 637 1619 hah
661 1596 701 1618 oc
725 1585 846 1629 draepoe
870 1583 923 1617 the
945 1595 1023 1616 man
1047 1584 1132 1616 bfitoe
1153 1583 1212 1616 hin
1236 1594 1284 1615 ων
1309 1582 1394 1616 them
1418 1593 1440 1614 a
1464 1581 1537 1614 thre

333 1659 438 1682 marc.
503 1649 609 1681 Saerae
633 1647 686 1680 the
707 1657 786 1679 man
810 1646 895 1679 bfitae
919 1657 960 1678 oc
984 1645 1056 1678 thre
1078 1655 1184 1677 marc.
1247 1641 1314 1676 cfr.
1339 1643 1443 1677 Andr.
1469 1642 1540 1676 Su-

334 1712 434 1743 nonis
465 1710 539 1743 Lib.
570 1708 609 1742 V.
644 1708 724 1752 Cap.
756 1707 848 1741 XIII:
884 1717 947 1750 pro
983 1705 1079 1739 illata
1109 1710 1218 1739 morte
1251 1705 1293 1738 ab
1335 1704 1538 1738 animaiibus

335 1772 614 1816 quadrupedibus
636 1770 693 1803 vel
716 1769 932 1809 volatilibus,
966 1778 1042 1811 quae
1067 1758 1144 1800 cuni
1168 1772 1283 1800 essent
1305 1765 1472 1799 indomita
1505 1771 1540 1799 et

335 1832 532 1867 naturaliter
561 1834 708 1865 vitarent
740 1832 915 1864 hominum
940 1830 1255 1870 conversationem,
1291 1832 1461 1870 assumpta
1485 1831 1539 1860 ta-

336 1904 414 1929 men
448 1893 491 1927 ad
524 1892 750 1934 domandum,
785 1897 913 1925 tantum
946 1900 1121 1923 assumens
1152 1888 1340 1922 secundum
1382 1891 1538 1933 antiquas

336 1956 432 2000 leges
456 1955 655 1999 persolvere
678 1958 823 1995 tenetur,
849 1957 1009 1997 quantum
1033 1953 1061 1984 si
1082 1951 1214 1984 facinus
1234 1952 1269 1984 in
1289 1960 1436 1994 persona
1456 1960 1541 1994 pro-

336 2020 410 2062 pria
442 2018 684 2050 commississet
715 2033 759 2040 —
793 2033 836 2039 —-
871 2033 914 2038 —
951 2013 1145 2048 Secundum
1176 2023 1301 2046 novam
1333 2022 1417 2046 vero
1448 2013 1540 2055 regis

337 2078 531 2114 Valdemari
557 2080 851 2118 constitutionem,
886 2087 948 2120 pro
972 2075 1066 2109 illata
1090 2080 1198 2108 morte
1223 2075 1265 2107 ab
1291 2074 1358 2108 illis
1383 2073 1541 2106 animali-

338 2142 414 2184 bus,
439 2152 515 2186 quae
540 2142 663 2174 atrocis
687 2143 764 2174 sunt
786 2143 932 2180 naturae,
965 2143 1002 2170 ut
1023 2147 1140 2178 ursus,
1171 2136 1282 2180 lupus,
1307 2146 1401 2179 aper,
1427 2133 1541 2179 aquila

341 2209 375 2238 et
405 2201 620 2246 hujusmodi,
655 2205 783 2235 tantum
807 2211 933 2234 novem
965 2209 1088 2233 marcae
1112 2207 1327 2232 nummorum
1352 2197 1394 2230 ab
1421 2207 1541 2230 eorum

341 2266 479 2300 domino
505 2270 581 2298 sunt
604 2262 822 2308 praestandae,
860 2268 893 2296 et
917 2268 986 2296 tres
1010 2271 1133 2295 marcae
1157 2271 1219 2304 pro
1243 2260 1407 2301 vulnere,
1443 2260 1470 2292 si
1497 2258 1539 2291 ab

341 2338 459 2362 eorum
485 2327 600 2371 aliquo
625 2326 709 2359 illud
734 2327 923 2359 constiterit
945 2325 1108 2358 inflictum
1132 2322 1249 2356 fuisse.
1298 2321 1454 2355 Ceterum
1478 2330 1540 2363 pro

341 2395 449 2424 morte
474 2390 577 2431 illata,
601 2389 656 2422 vel
682 2388 808 2422 inflicto
833 2388 974 2421 vulnere
999 2387 1041 2419 ab
1068 2385 1154 2427 illis,
1187 2395 1262 2429 quae
1287 2385 1453 2417 mitiorem
1479 2382 1542 2414 ha-

341 2452 424 2485 bent
453 2457 625 2491 naturam,
662 2457 697 2483 ut
728 2461 849 2483 cervus
883 2456 917 2484 et
949 2451 1132 2493 accipiter,
1167 2452 1295 2481 tantum
1319 2450 1387 2479 tres
1411 2453 1542 2477 marcas

343 2512 498 2547 dominus
524 2522 640 2547 corum
666 2513 847 2556 persolvet.
