1712 2861
808 90 874 139 79

141 244 149 247 ’
181 227 398 281 cipiuntur,
439 239 554 280 quam
584 227 634 268 ad
665 239 733 276 ea,
774 237 861 279 quae
893 226 943 266 de
975 226 1215 280 obligatione
1246 226 1393 266 domini
1424 239 1501 279 pc-

181 309 324 348 cudum
355 313 565 358 caventur,
597 320 649 347 ex
680 319 758 359 quo
790 312 1048 359 sequeretur,
1079 312 1121 346 ut
1152 307 1304 347 eaedem
1334 309 1500 361 regulae,

181 400 269 440 quae
309 388 402 428 olim
442 389 492 428 de
531 387 661 428 damni
692 388 950 427 resarcitione
990 389 1214 438 valuerunt,
1260 400 1384 441 porro
1423 390 1501 429 vim

179 480 290 508 suam
320 468 549 519 retinerent,
582 480 669 520 quae
701 468 986 521 interpretatio,
1017 469 1079 508 cui
1109 480 1185 508 nec
1215 469 1393 509 absolute
1425 470 1501 510 ad·-

178 554 388 590 versantur
416 549 543 588 verba
573 549 671 600 „ben
702 571 752 578 —-
797 548 989 601 fornolbte
1021 548 1178 591 &tabes
1220 549 1322 601 fulve
1357 549 1501 603 OErftut:

177 629 296 683 m'ttff‘
336 615 424 669 cum
464 629 557 669 satis
589 629 816 670 naturaliter
847 629 980 680 fieret,
1025 634 1067 669 ut
1097 629 1340 670 denotationi
1370 642 1502 683 genc-

177 711 313 750 raliter
343 709 454 750 faetae
485 715 778 763 praeceptorum
808 712 987 763 priorum
1016 721 1097 750 non
1122 710 1361 764 adjiceretur
1385 724 1502 751 men-

178 791 232 830 tio
264 803 400 832 earum
431 791 722 844 exceptionum,
754 803 842 842 quae
873 790 912 830 in
944 791 1108 843 singulis
1140 792 1295 831 casibus
1321 792 1500 833 admissoe

178 871 334 922 essent,
380 883 430 911 eo
462 872 556 924 quin
586 872 703 911 etiam
742 871 1008 910 commendari
1047 871 1226 921 videtur,
1274 873 1380 924 quod
1420 885 1499 912 non

176 952 287 1005 prius
319 963 435 1004 quam
465 951 505 991 in
535 949 608 991 2da
637 955 677 1002 §,
707 951 862 991 ratione
892 951 1020 991 habita
1044 963 1205 992 summae
1229 952 1501 1006 redemtionis,

178 1037 356 1083 cavetur,
387 1037 428 1073 ut
457 1043 538 1072 non
569 1031 830 1084 respiciendae
862 1031 939 1072 sint
969 1031 1138 1072 diversae
1171 1033 1246 1073 illae
1277 1033 1500 1074 distinctio-

176 1124 263 1164 nes,
295 1125 317 1153 a
349 1112 490 1165 quihus
522 1125 573 1152 ex
604 1101 882 1152 constitutione
924 1109 978 1152 29
1011 1111 1095 1152 Oct.
1131 1110 1243 1153 1794
1274 1126 1321 1155 ca
1352 1126 1500 1156 summa

176 1194 431 1246 pecuniarum
461 1193 680 1246 pendebat,
714 1205 790 1245 qua
820 1192 1014 1233 redemtio
1045 1193 1132 1234 fieri
1164 1194 1346 1235 debebat.

295 1274 447 1322 Quodsi
485 1285 585 1314 vero
625 1274 698 1314 hac
735 1256 1170 1327 interpretationenon
1203 1277 1386 1330 adoptata
1416 1283 1500 1317 sta-

175 1355 308 1405 tuitur,
341 1358 366 1402 §
400 1353 516 1394 huam
541 1356 828 1395 constitutionis
859 1352 885 1396 9
903 1355 979 1395 Juli
1006 1352 1116 1396 1817
1141 1358 1372 1411 praescripta
1398 1370 1500 1398 con-

175 1436 387 1476 stitutionis
419 1432 473 1476 29
496 1435 581 1476 Oct.
615 1433 728 1477 1794
760 1437 889 1489 quoad
921 1437 1049 1477 damni
1080 1439 1379 1479 resarcitionem
1409 1451 1501 1480 mo-

175 1516 410 1567 dificavisse,
441 1517 614 1556 nascitur
645 1518 825 1569 quaestio,
857 1529 949 1557 nuni
979 1518 1103 1558 verba
1133 1518 1234 1558 illius
1266 1519 1360 1573 §phi
1392 1520 1501 1571 „Qua

176 1596 267 1650 [poet
307 1596 376 1650 stul
417 1597 618 1649 frembctcss
658 1607 759 1639 iacere
797 1597 934 1652 pligtt'g
974 1598 1018 1640 tit
1049 1622 1102 1627 ——
1145 1600 1307 1651 fot-uben
1346 1601 1418 1642 ben
1459 1602 1505 1653 uf

175 1676 383 1719 arcaturet
414 1678 605 1730 fomente
637 1665 794 1721 &rauce
828 1680 931 1732 fuine
958 1679 1175 1734 erstaan'ng
1198 1684 1287 1710 -Ν
1319 1682 1358 1721 id
1390 1680 1500 1735 151·ae-

175 1763 332 1812 ceptum
371 1758 467 1812 §phi
506 1756 627 1800 31³1ae
659 1760 946 1801 constitutionis
986 1759 1041 1802 29
1075 1761 1160 1801 Oct.
1203 1760 1317 1803 1794
1364 1769 1500 1803 sustu-

172 1840 267 1880 lisse
306 1839 513 1880 statuenda
543 1840 640 1891 sint,
687 1852 739 1881 ex
769 1854 848 1894 quo
879 1841 1085 1883 resarcitio
1118 1842 1248 1883 damni
1279 1844 1369 1884 illati
1399 1857 1499 1898 pre-

173 1920 269 1960 tium
299 1921 463 1974 pecudis
495 1921 759 1973 deprehensae
791 1934 985 1974 superare
1016 1934 1094 1963 non
1127 1923 1267 1974 debet,
1303 1924 1352 1964 ad
1384 1937 1499 1976 quain

175 2003 434 2053 quaestioncin
464 2001 650 2054 negando
681 2003 1006 2060 respondendum
1032 2015 1123 2044 esse
1149 2015 1317 2044 censere
1342 2005 1500 2046 videtur

174 2082 249 2122 cel.
282 2073 440 2133 Orsted,
471 2094 637 2123 monens
668 2079 984 2124 constitutionem
1016 2081 1041 2125 9
1073 2081 1292 2131 Julic1817
1326 2097 1406 2125 non
1436 2091 1500 2126 ta-

174 2162 251 2202 lem
283 2174 395 2214 esse,
444 2175 532 2216 quae
572 2163 638 2203 illo
670 2169 856 2218 respectu
889 2177 1035 2205 novum
1066 2171 1308 2220 praeceptnm
1339 2167 1499 2207 dedisse

174 2243 377 2294 videatur,
424 2256 590 2297 eamque
622 2244 759 2286 forsan
789 2257 869 2285 non
901 2247 975 2286 nisi
1007 2252 1169 2289 eatenus
1200 2248 1377 2301 priorem
1409 2260 1496 2287 niu·-

174 2328 258 2363 tare
288 2325 486 2374 voluisse,
532 2331 724 2377 quatenus
755 2332 921 2379 propter
951 2328 1257 2381 negligentiam,
1306 2340 1419 2380 quam
1450 2329 1496 2379 is,

175 2405 241 2458 qui
273 2405 454 2445 damnum
485 2418 625 2460 passus
655 2407 717 2457 sit,
760 2407 864 2448 circa
895 2420 1033 2462 sepem
1066 2409 1302 2459 exhibuerit,
1334 2410 1372 2449 in
1404 2421 1497 2449 cer-
