1737 2886
219 761 356 804 Par-agr.

496 390 846 469 Conspectus
891 399 1233 470 argumenti.

688 602 843 650 Sectio
877 604 1036 664 prima.

475 711 555 749 lle
578 713 844 760 praeceptis
862 714 997 760 juris
1021 715 1255 752 Romani.

251 820 324 855 1-2.
361 821 413 855 De
439 832 481 855 ea
505 834 555 859 rei
581 823 779 866 spectandae
803 826 948 866 ratione,
975 835 1041 869 qua
1066 827 1180 858 nititur
1205 826 1297 858 actio
1323 826 1456 860 noxalis
1484 826 1527 859 ob

295 943 328 979 3.

295 1068 327 1103 4.

294 1131 328 1165 5.

366 884 525 918 damnum
551 895 570 918 a
597 885 874 930 quadrupedibus
901 886 1015 920 datum
1040 898 1217 920 concessa.

364 945 464 979 Actio
490 947 622 980 noxalis
649 947 692 980 de
717 950 880 992 pauperie
907 948 1030 982 animal
1056 951 1193 992 proprio
1220 955 1312 982 motu
1346 956 1378 983 et
1413 956 1529 984 contra

365 1012 519 1041 naturam
543 1012 705 1044 nocuisse
733 1012 840 1054 ponit.

365 1068 427 1103 Cui
453 1075 487 1103 et
512 1070 674 1104 adversus
701 1082 802 1116 quem
827 1074 916 1106 actio
944 1073 986 1106 de
1011 1075 1176 1117 pauperie
1203 1074 1311 1108 datur.

365 1131 474 1172 Quem
498 1134 532 1166 in
557 1133 660 1166 finem
686 1133 783 1167 datur
808 1137 896 1168 actio
924 1135 967 1168 ‹le
990 1138 1157 1179 pauperie
1183 1140 1217 1168 et
1241 1146 1308 1180 quo
1338 1136 1443 1169 modo
1469 1147 1531 1169 ex-

365 1195 555 1240 stinguitur.

249 1253 324 1291 6-7.
360 1257 460 1291 Actio
487 1258 530 1292 de
556 1260 722 1303 pauperie
747 1260 847 1292 etiam
881 1261 909 1292 si
944 1259 1068 1292 animal
1099 1259 1208 1292 ferum
1233 1260 1391 1292 nocuerit
1414 1258 1528 1292 locum

295 1379 328 1415 8.

278 1504 328 1554 ,9.

204 1627 324 1663 10-11.

276 1752 330 1787 12.

275 2139 328 2175 13.

277 2264 331 2298 14.

276 2325 331 2360 15.

207 2448 289 2486 164
296 2447 326 2486 7.

365 1319 480 1354 hahet.

366 1380 631 1416 Observationes
665 1383 756 1416 circa
782 1393 860 1415 eum
885 1392 1019 1415 casum.
1056 1392 1123 1426 quo
1150 1382 1274 1415 animal
1299 1383 1345 1415 ita
1371 1383 1529 1416 damnum

366 1443 471 1487 dedit,
491 1450 527 1477 ut
547 1446 710 1489 requisita
730 1446 874 1478 actionis
896 1444 940 1477 de
960 1445 1124 1488 pauperie
1147 1446 1301 1488 exposita
1322 1455 1392 1478 non
1409 1444 1541 1479 adsint.

364 1505 522 1540 Edictum
546 1506 732 1550 aedilitium,
758 1517 826 1551 quo
853 1506 1012 1540 animalia
1039 1506 1212 1551 quaedam,
1247 1517 1314 1550 qua
1337 1507 1441 1551 vulgo
1468 1509 1531 1540 iter

364 1568 420 1610 fit,
444 1568 573 1603 habere
596 1569 828 1613 prohibemur.

365 1630 418 1664 De
450 1630 610 1664 remediis
631 1631 718 1674 juris
742 1631 874 1664 ratione
901 1630 1034 1673 damni,
1061 1630 1152 1674 quod
1177 1641 1283 1674 pecus
1309 1631 1528 1675 depascendo

367 1691 472 1726 dedit.

368 1754 526 1798 Speciale
552 1754 692 1799 aliquod
715 1760 922 1798 praeceptum
948 1755 1081 1788 ratione
1107 1755 1199 1798 ejus,
1225 1756 1283 1799 qui
1303 1755 1471 1799 pecudem
1496 1757 1529 1789 in

367 1815 511 1850 fundum
537 1816 687 1850 alienum
711 1817 857 1850 immisit.

635 1989 639 1992 ‚
666 1934 818 1982 Sectio
855 1935 1063 1981 secunda.

446 2046 710 2092 Praecepta
726 2045 860 2091 juris
884 2045 1043 2091 patrii
1067 2045 1283 2089 antiqui.

368 2141 541 2175 Transitus
567 2141 610 2175 ad
634 2141 729 2185 leges
755 2142 879 2184 patrias
906 2143 1069 2186 antiquas.

368 2203 580 2249 Proescripea
605 2203 688 2248 leqis
714 2204 860 2237 Scam'oe.

368 2264 420 2298 De
445 2276 488 2299 eo
515 2277 597 2300 casu
623 2276 690 2310 quo
718 2265 842 2299 animal
865 2266 996 2299 homini
1020 2267 1147 2298 nocuit.

368 2326 578 2372 Praeceptum
612 2328 767 2371 ejusdem
798 2327 884 2372 legis
918 2328 961 2361 de
995 2327 1118 2361 damno
1153 2326 1194 2360 ab
1229 2326 1431 2361 animalibus
1465 2327 1529 2360 ali-

370 2390 467 2433 cujus
493 2390 631 2423 alterius
657 2389 859 2424 animalibus
884 2390 990 2423 illato.

366 2451 539 2496 Praecepta
572 2451 726 2495 ejusdem
758 2451 845 2496 legis
878 2452 920 2486 de
955 2452 1079 2486 damno
1111 2451 1214 2486 rebus
1253 2452 1444 2486 inanimatis
1486 2451 1528 2484 ab

371 2514 571 2549 animalibus
598 2514 687 2548 dato.
