1712 2861
251 158 268 165 x
777 128 840 178 16

150 271 205 309 itu
251 268 414 308 actionis
461 266 512 307 de
549 267 741 320 pauperie
788 265 980 307 adversus
1026 266 1199 307 heredes
1241 278 1317 320 qua
1355 269 1466 320 tales,

150 361 282 390 sermo
323 360 413 388 esse
451 348 606 400 nequit,
652 348 799 401 quippe
837 359 925 387 cum
963 348 990 387 ii
1027 359 1107 387 non
1151 349 1278 388 teneri
1316 350 1468 401 possint

145 431 237 483 jure
276 429 561 478 successionis,
606 428 872 468 tantummodo
910 439 1011 468 vero
1052 432 1243 480 quatenus
1285 433 1467 482 tempore

148 510 225 550 litis
265 513 491 549 contestatae
532 509 680 549 domini
725 514 815 549 sunt
855 509 1144 563 quadrupediS,
1190 521 1278 561 quae
1318 510 1466 560 nocuit,

149 603 225 631 nee
263 602 363 643 ergo
402 590 475 629 sub
514 590 587 629 alia
624 590 760 642 specie
799 589 991 630 adversus
1036 601 1129 641 eos,
1176 601 1291 643 quam
1330 594 1467 630 eontra

151 671 267 711 alium
300 670 503 723 quemvis,
533 669 682 709 institui
711 669 908 722 possitffi.

739 845 772 900 ξ
826 842 872 890 5.

155 963 288 1019 Quem
332 962 378 1006 in
420 961 550 1019 finem
592 959 727 1007 datur
772 960 895 1005 actio
942 959 997 1005 cle
1037 961 1256 1020 pauper-ie
1302 964 1345 1006 et
1379 975 1464 1022 quo

568 1051 695 1096 modo
733 1053 1044 1111 exstinguitur.
1100 1053 1106 1061 ⁴

267 1165 383 1213 Quod
422 1176 513 1204 eum
552 1163 670 1203 finem
701 1164 855 1214 attinet,
901 1164 941 1204 in
973 1177 1089 1216 quem
1119 1165 1332 1206 intenditur
1362 1165 1464 1206 actio

151 1247 200 1287 (le
238 1246 453 1299 pauperie,
500 1244 714 1284 dubitatum
753 1249 831 1295 est,
877 1249 1008 1284 utrum
1047 1245 1277 1286 alternative
1306 1246 1466 1286 institu-
1529 1241 1532 1251 ¹

149 1327 252 1367 enda
283 1327 352 1376 sit,
397 1326 449 1365 ita
478 1329 521 1364 ut
549 1337 643 1364 reus
673 1325 971 1365 comdemnetur
1002 1330 1067 1365 aut
1095 1326 1146 1366 ad
1177 1326 1359 1366 damnum
1390 1327 1464 1368 da-

147 1412 229 1447 tum
258 1405 556 1447 resarciendum
595 1410 660 1445 aut
690 1406 739 1446 ad
769 1418 887 1446 noxae
919 1405 1137 1457 dationem,
1183 1418 1233 1447 an
1262 1408 1382 1448 modo
1415 1408 1487 1449 ad'

147 1488 435 1528 restitutionem
474 1487 603 1527 damni
642 1486 930 1539 assequendam
967 1487 1116 1527 intendi
1145 1488 1291 1541 possit,
1341 1489 1393 1529 ita
1423 1494 1466 1529 ut

147 1580 264 1608 noxae
312 1567 480 1618 deditio,
533 1572 717 1620 tanquam
769 1565 941 1607 medium
989 1564 1148 1608 domino
1196 1568 1464 1627 quadrupedis

146 1660 400 1699 concessum,
456 1660 534 1701 quo
580 1649 627 1688 ab
673 1648 914 1701 obligatione
960 1647 1089 1688 damni
1132 1649 1376 1689 resarciendi
1419 1660 1465 1690 se

146 1730 319 1770 liberare
352 1734 488 1781 queat,
541 1729 614 1768 sub
645 1728 721 1768 fine
753 1728 919 1768 actionis
948 1727 1064 1782 hujus
1094 1740 1175 1769 non
1205 1730 1463 1770 contineatur.

144 1811 203 1850 Ea
240 1811 300 1850 rei
338 1809 565 1862 spectandae
601 1808 723 1859 ratio,
770 1821 883 1862 quam
926 1809 1126 1850 Romanos
1170 1811 1210 1849 in
1255 1810 1464 1850 noxalibus

144 1891 365 1932 actionibus
410 1889 625 1930 formandis
670 1893 824 1929 secutas
871 1900 962 1928 esse
1007 1889 1046 1928 in
1092 1893 1118 1938 §
1157 1888 1182 1930 2
1227 1891 1462 1941 monuimus,

145 1972 256 2013 ferre
294 1971 471 2021 videtur,
519 1975 559 2010 ut
595 1970 707 2023 prior
744 1970 938 2009 sententia
966 1970 1172 2022 probanda
1201 1971 1270 2022 sit,
1317 1971 1463 2024 quippe

144 2065 266 2106 quum
304 2065 356 2092 ex
392 2052 548 2091 theoria
584 2051 624 2090 in
661 2050 724 2090 illa
761 2053 788 2098 δ
819 2050 1000 2103 exposita
1029 2062 1153 2092 noxae
1177 2052 1281 2092 datio
1311 2063 1392 2092 uon
1422 2057 1464 2092 ut

145 2134 366 2174 moderatio
398 2132 526 2184 aliqua
555 2132 595 2171 in
626 2130 873 2170 commodum
906 2130 1005 2183 ejus,
1045 2143 1066 2171 a
1098 2144 1177 2184 quo
1208 2133 1366 2185 petitur,
1396 2132 1462 2172 in-

146 2214 281 2264 ducta,
327 2213 399 2254 sed
437 2218 479 2252 ut
526 2213 744 2253 essentialis
789 2225 883 2266 pars
929 2213 1043 2266 hujus
1089 2213 1214 2265 ipsius
1259 2213 1462 2253 relationis

145 2295 315 2348 spectari
355 2294 517 2343 debeat3
564 2293 703 2333 adsunt
741 2306 838 2334 vero
887 2295 1002 2335 etiam
1049 2294 1204 2347 singula
1249 2299 1462 2347 praeeepta,

145 2387 236 2429 quae
260 2376 362 2415 illam
386 2376 617 2415 sententiam
644 2375 930 2427 commendant,
962 2387 1010 2416 ea
1039 2375 1291 2429 intelligimus
1321 2374 1461 2425 edicta,

191 2535 229 2576 *J
257 2534 275 2566 ι.
306 2534 333 2567 1.
362 2536 386 2575 ς
414 2534 465 2568 17.
493 2535 568 2579 mg.
596 2537 626 2569 h.
655 2542 674 2568 t.
