1712 2861
782 105 846 153 10

155 241 389 296 praestandae
428 241 477 282 ad
515 252 601 282 rem
630 242 774 296 ipsam,
820 242 1000 283 defectus
1031 247 1159 283 autem
1189 243 1471 286 sibisufficien-

155 324 218 363 tiae
257 323 355 372 fert,
400 327 442 362 ut
481 324 565 376 ejus
595 323 684 363 loco
725 323 906 364 dominus
945 323 1087 364 efficax
1116 325 1186 377 sit,
1231 337 1311 366 non
1340 305 1472 366 tamen

154 406 207 444 ita
244 409 287 443 ut
324 404 388 444 ille
428 403 611 443 damnum
649 406 847 445 resarcire
886 409 1087 456 teneatur,
1133 406 1205 446 sed
1243 407 1296 446 ita
1333 411 1375 446 ut
1404 418 1472 447 res

153 485 240 538 ipsa
277 489 459 537 tanquam
497 485 603 536 talis,
651 497 739 538 quae
778 486 1013 526 solutionem
1057 491 1250 539 praestare
1287 493 1472 540 nequeat,

155 566 363 606 creditoris
389 566 529 606 evadat
552 567 696 606 eodem
721 566 854 617 modo,
886 578 964 619 quo
996 578 1048 606 ex
1076 566 1232 620 legibus
1247 557 1324 608 'X11
1353 568 1473 608 tabu-

153 646 278 685 larum
309 646 478 696 debitor,
522 647 589 698 qui
617 659 698 686 non
728 646 924 686 solvendo
956 651 1029 696 est,
1059 647 1233 687 dominio
1265 648 1472 688 creditoris

153 727 376 778 subjicitur3
423 725 581 766 domino
614 731 743 767 autem
772 727 883 777 licet,
929 726 963 766 si
991 738 1078 766 rem
1108 726 1258 768 dedere
1287 728 1473 778 noluerit,

155 806 368 847 dominium
399 807 484 859 ejus
506 819 565 865 Γεεο
597 807 672 847 sibi
703 819 943 848 conservare
975 807 1082 859 quod
1112 807 1163 859 ei,
1194 808 1257 848 cui
1285 809 1472 859 nocitum,

153 888 193 927 id
223 888 359 938 solvit,
391 888 497 940 quod
528 888 716 942 exigendi
741 888 834 941 jure
865 889 1024 941 gaudet.

269 969 386 1008 Hisce
426 969 476 1009 de
514 970 732 1023 principio,
783 981 862 1022 quo
906 970 1080 1009 nituntur
1126 974 1328 1023 praecepta
1368 969 1471 1022 juris

152 1048 317 1088 Romani
359 1049 462 1088 circa
501 1051 725 1101 materiam,
773 1063 889 1103 quam
926 1050 1166 1090 tractandam
1203 1051 1320 1091 nobis
1358 1062 1472 1091 sum-

152 1130 295 1179 simus,
350 1130 495 1180 allatis,
541 1131 589 1170 ad
628 1131 714 1171 haec
743 1131 826 1185 ipsa
857 1136 1057 1185 praeeepta
1087 1130 1331 1185 dispicienda
1368 1142 1472 1170 nunc

154 1210 529 1263 transgrediendum
560 1211 646 1251 erit.

743 1383 876 1443 §3.

151 1501 288 1547 Actio
333 1501 516 1547 noaealis
563 1500 617 1546 de
658 1502 876 1561 pauperie
923 1501 1090 1547 animal
1129 1502 1318 1563 proprio
1353 1506 1472 1548 motu

362 1598 407 1639 et
441 1597 598 1638 contra
633 1597 837 1638 naturam
871 1595 1078 1640 nocuisse
1110 1595 1251 1655 ponit.

266 1716 475 1757 Attulimus
517 1717 599 1769 jam
646 1729 767 1770 supra
813 1718 937 1757 verba
976 1707 1265 1766 Institutionum
1309 1718 1398 1768 (Pr.
1437 1717 1472 1758 si

152 1797 313 1850 quadr.)
346 1797 603 1848 „Animalium
632 1798 804 1847 nomine,
837 1809 925 1849 quae
955 1798 1109 1837 ratione
1140 1803 1298 1848 carent,
1329 1798 1363 1837 si
1395 1810 1472 1850 qua

149 1878 309 1918 lascivia
334 1882 398 1917 aut
422 1877 586 1917 fervore
612 1882 677 1917 aut
700 1877 854 1918 feritate
879 1878 1110 1931 pauperiem
1134 1870 1316 1929 fecerint,
1339 1890 1471 1919 noxa-

150 1959 199 1998 lis
238 1959 337 1998 actio
376 1959 469 2011 lege
509 1958 717 1998 duodecim
747 1959 964 1999 tabularum
994 1959 1151 2012 prodita
1181 1960 1278 2000 est.“
1345 1960 1470 1999 Dam-

150 2051 264 2089 num,
319 2039 430 2092 cujus
469 2039 534 2079 hic
571 2040 715 2079 mentio
756 2039 816 2090 fit,
863 2044 1074 2093 usurpatur
1111 2039 1346 2093 pauperies,
1388 2051 1467 2092 quo
1528 2072 1536 2079 ,

149 2120 275 2159 verbo
318 2119 508 2159 indicatur
550 2119 730 2159 damnum
777 2121 864 2160 sine
910 2120 1052 2173 injuria
1098 2119 1277 2160 facientis
1324 2120 1469 2170 datum,

149 2212 226 2241 nec
266 2200 367 2240 enim
406 2205 539 2253 potest
586 2200 725 2240 animal
771 2200 952 2252 injuriam
1000 2199 1144 2240 fecisse
1192 2200 1298 2253 quod
1348 2211 1469 2240 sensu

151 2282 340 2331 carew),
381 2293 508 2334 eaque
547 2282 700 2322 ratione
749 2293 939 2322 concessa
979 2285 1039 2321 est
1078 2282 1177 2322 actio
1217 2281 1370 2322 noxalis
1419 2281 1469 2322 dc

151 2362 357 2416 pauperie.

197 2523 234 2565 4³)
260 2523 281 2556 l.
310 2522 338 2556 1.
366 2523 400 2564 δ.
427 2520 458 2556 3.
485 2523 523 2556 Ι).
550 2525 577 2556 si
605 2524 719 2567 quadr.
749 2523 829 2565 (lx,
859 2524 907 2565 1.)
