1712 2861
778 110 843 158 33

155 260 236 289 non
267 261 354 289 cum
384 248 592 301 praeceptis
624 247 878 300 Digestorum
910 253 948 287 et
974 247 1259 287 Institutionum
1289 252 1471 287 constare

155 341 298 383 posse,
341 342 392 369 cx
425 329 565 382 quibus
595 328 645 368 de
675 329 806 369 noxali
838 329 992 369 actione
1024 328 1233 369 occasione
1264 328 1393 368 damni
1424 329 1472 368 ab

155 411 384 452 animalibus
414 409 492 449 dati
522 420 654 449 sermo
685 421 765 450 non
797 415 857 450 est
886 409 961 449 nisi
992 408 1150 462 quando
1189 413 1325 449 contra
1357 414 1474 449 natu-

153 504 236 531 ram
267 490 432 543 pecudis
462 489 607 529 illatum
638 489 769 530 fuerit.

269 571 311 611 In
350 583 444 611 casu
483 571 597 611 allato
637 571 797 611 omnino
835 571 940 611 nulla
978 570 1078 610 actio
1110 570 1363 611 concedenda
1397 576 1474 619 est3

154 652 267 704 leges
299 651 402 690 enim
433 651 552 690 talem
584 663 776 704 expresse
806 663 887 691 non
917 651 1158 703 largiuntur,
1189 663 1266 690 nec
1295 651 1476 703 analogia

155 732 267 772 adest
297 743 385 784 quae
417 743 503 771 eam
535 731 809 771 admittendam
840 743 930 771 esse
962 731 1188 780 svadeatr).

272 811 389 859 Quod
427 813 460 851 si
501 812 587 864 quis
626 812 820 865 pecudem
851 813 890 851 in
921 811 1084 851 fundum
1115 823 1228 851 suum
1259 812 1476 867 immiserit,

154 897 196 932 ut
234 891 374 944 fruges
404 892 571 942 alienaS,
611 904 699 944 quae
731 892 770 930 in
802 903 851 932 eo
883 892 1173 942 invenirentur,
1213 897 1477 942 consumeret,

154 972 291 1022 docet,
330 977 374 1012 ut
410 984 530 1025 supra
563 973 644 1025 jam
683 972 926 1022 monuimus,
965 973 990 1012 l.
1033 969 1100 1012 14.
1141 977 1180 1020 §.
1213 973 1280 1012 ult.
1313 983 1476 1025 praescr.

152 1055 264 1094 verb.
296 1065 373 1093 nec
401 1054 595 1093 actionem
627 1053 676 1093 de
706 1058 822 1106 pastu
851 1054 980 1093 locum
1011 1053 1161 1093 habere
1186 1065 1261 1093 nec
1285 1054 1478 1093 actionem

151 1134 204 1174 de
234 1134 441 1187 pauperie,
473 1146 589 1186 quam
618 1134 886 1186 posteriorem
916 1145 996 1173 non
1027 1133 1173 1173 admitti
1203 1145 1325 1186 posse
1351 1145 1403 1173 ex
1427 1145 1477 1173 eo

152 1215 345 1267 sequitur,
378 1214 485 1266 quod
515 1214 655 1253 animal
684 1224 765 1253 non
795 1213 961 1271 proprio
994 1217 1102 1253 motu
1135 1213 1316 1254 damnum
1349 1214 1478 1255 dede-

154 1295 225 1344 rit,
265 1295 312 1334 ab
352 1294 427 1333 alio
466 1305 566 1333 vero
605 1294 645 1333 in
684 1292 847 1332 fundum
885 1292 1123 1344 immissum,
1170 1305 1246 1334 nec
1284 1294 1478 1334 actionem

152 1375 284 1414 damni
299 1374 468 1427 injuriae,
498 1373 537 1413 id
555 1378 627 1424 est,
657 1384 739 1413 non
764 1385 815 1412 ex
837 1373 930 1426 lege
946 1373 1114 1426 Aquilia,
1139 1374 1290 1413 scilicet
1313 1374 1478 1424 directe,

152 1455 218 1508 agi
242 1465 363 1507 posse
372 1467 384 1503 3
414 1454 559 1506 quibus
583 1454 739 1494 monitis
764 1453 905 1493 dicitur
928 1454 968 1494 in
992 1452 1136 1493 factum
1158 1455 1356 1508 agendum
1373 1468 1477 1495 esse.

154 1535 248 1575 llaec
278 1535 378 1574 actio
410 1534 450 1573 in
481 1533 624 1574 factum
654 1545 735 1574 non
764 1534 930 1588 intelligi
967 1539 1100 1587 potest
1134 1535 1210 1575 nisi
1241 1536 1341 1577 actio
1372 1537 1479 1576 utilis

153 1615 256 1667 legis
286 1614 476 1666 Aquiliae,
518 1615 626 1667 quod
666 1615 795 1654 elucet
833 1627 884 1654 ex
921 1615 946 1654 l.
988 1612 1034 1670 6.
1069 1615 1113 1656 C.
1146 1616 1196 1656 dc
1225 1617 1317 1669 lege
1347 1617 1476 1670 Aquil.

154 1695 242 1744 (ΙΙΙ.
273 1691 368 1744 35),
400 1693 473 1745 „de
504 1694 578 1744 his,
610 1706 698 1746 quae
728 1706 802 1747 per
840 1694 1020 1748 injuriam
1059 1695 1222 1749 depasta
1261 1697 1480 1747 contendis,

153 1788 208 1815 cx
247 1774 439 1815 sententia
477 1774 579 1827 legis
614 1775 782 1827 Aquiliae
813 1786 938 1828 agere
971 1776 1129 1816 minime
1160 1777 1479 1829 prohiberisssr).

156 1855 397 1896 Conceditur
434 1859 611 1895 ceterum
657 1855 697 1895 in
744 1867 839 1895 casu
877 1862 1184 1897 commemorato
1225 1858 1341 1898 etiam
1379 1859 1480 1898 actio

155 1936 205 1976 ad
236 1935 522 1985 exhibendum,
570 1936 677 1988 quod
707 1936 899 1988 probatur
928 1937 952 1976 l.
986 1934 1024 1976 9.
1058 1941 1096 1984 §.
1131 1936 1169 1976 1.
1201 1938 1290 1990 Dig.
1323 1938 1373 1978 ad
1404 1951 1481 1977 ex-

154 2016 233 2055 hib.
267 2015 338 2064 (X.
371 2012 423 2064 4)
455 2014 597 2066 „Glans
629 2028 680 2055 ex
715 2016 861 2057 arbore
892 2021 959 2056 tua
989 2017 1028 2056 in
1061 2016 1224 2057 fundum
1254 2030 1385 2058 meum
1415 2018 1481 2057 in-

154 2076 259 2146 cidit,
291 2108 378 2136 eam
402 2107 481 2148 ego
507 2096 680 2136 immisso
705 2107 856 2149 pecore
881 2096 1077 2150 depasco:
1109 2111 1186 2151 qua
1211 2099 1364 2139 actione
1380 2109 1480 2151 pos-

153 2189 241 2216 sum
269 2176 430 2216 teneri?
474 2176 716 2229 Pomponius
747 2177 906 2228 scribit,
948 2183 1178 2231 competere
1209 2181 1401 2219 actionem
1431 2180 1480 2220 ad

152 2256 434 2306 exhibendum,
466 2257 500 2296 si
531 2256 623 2296 dolo
654 2269 778 2310 pecus
807 2258 962 2309 immisi,
1002 2263 1044 2297 ut
1074 2258 1258 2312 glandem
1288 2259 1480 2299 comede-

153 2341 228 2377 ret.
289 2335 388 2376 Nam
418 2339 458 2375 et
489 2336 523 2376 si
553 2336 665 2389 glans
697 2342 893 2390 exstaret,
934 2350 1012 2379 nec
1039 2340 1203 2392 patieris
1234 2353 1297 2380 me
1328 2341 1480 2391 tollere,

199 2448 238 2491 ᾗ)
265 2446 368 2483 &uid
394 2449 437 2484 10
462 2448 531 2485 ΞΒδ.
557 2450 580 2485 2
605 2450 707 2494 aihu).
731 2463 764 2496 p.
790 2450 868 2486 283.

178 2509 235 2552 θ’)
265 2510 434 2546 Zimmern
459 2523 537 2557 pag.
564 2511 757 2547 108—109.
