1712 2861
799 129 860 176 21

175 265 334 306 exclusa
374 276 465 305 esso
505 264 610 314 scra,
655 264 728 304 sed
766 264 843 305 hoc
881 266 978 305 vere
1017 266 1068 304 ita
1107 276 1152 304 sc
1189 264 1339 305 babere
1378 264 1490 318 plura

172 351 371 398 praecepta
409 345 589 398 probant.
663 345 750 384 Hoc
778 350 965 398 respectu
994 346 1188 385 nominari
1219 346 1338 386 debet
1367 346 1429 385 Pr.
1461 344 1489 384 Ι.

172 424 234 465 lV.
267 423 307 475 9,
337 426 376 464 in
408 436 487 477 quo
513 430 726 464 occurrunt
749 426 819 465 ista
851 426 995 465 verba:
1028 426 1284 477 „Animalium
1314 426 1489 476 nomine,

173 516 260 557 quae
290 505 442 544 ratione
475 509 626 555 carent,
649 494 691 544 'si
723 518 799 558 qua
829 506 987 546 lascivia
1019 510 1083 545 aut
1108 505 1272 546 fervore
1297 509 1364 545 aut
1388 504 1490 544 feri-

170 589 248 625 tate
278 585 510 638 pauperiem
550 585 736 637 fecerint,
790 587 943 626 noxalis
975 587 1075 627 actio
1105 587 1197 640 lege
1228 586 1297 626 XII
1335 585 1490 625 tabula-

169 677 258 705 rum
282 666 439 719 prodita
463 668 565 716 est;“
595 667 863 707 limitationem
888 667 992 706 enim
1023 680 1122 717 eam,
1155 679 1243 720 quae
1269 666 1403 707 verbis
1434 665 1491 717 „si

171 759 248 799 qua
286 748 542 787 lascivia—“
589 748 833 797 continetur,
879 747 933 787 nil
971 747 1079 792 aliud
1113 752 1319 801 spectare,
1375 757 1490 798 quam

170 827 278 880 quod
307 839 477 868 necesse
507 811 578 877 sit,
623 828 806 868 damnum
836 832 972 867 contra
1001 832 1180 867 naturam
1211 826 1385 867 animalis
1416 825 1490 866 da-

169 911 250 946 tum
279 907 411 958 suerit,
441 919 516 961 pro
549 913 659 948 certo
692 908 851 960 quidem
882 913 922 948 et
952 908 1158 960 explorato
1191 911 1264 948 est.

219 1017 222 1020 -
283 987 571 1041 Argumentum
618 1000 742 1042 porro
790 977 943 1041 praebet
989 993 1069 1028 tum
1116 989 1179 1028 Pr.
1232 987 1269 1026 1.
1316 987 1407 1039 Dig.
1457 985 1491 1025 si

170 1068 309 1121 quadr.
342 1069 431 1119 (IX,
465 1068 530 1117 1.)
563 1069 602 1108 in
633 1081 712 1122 quo
744 1069 884 1110 eadem
922 1069 1065 1120 verba,
1113 1080 1201 1122 quae
1240 1069 1280 1108 in
1317 1067 1490 1119 inscrip-

169 1150 291 1200 tione,
322 1149 493 1190 adhibita
523 1155 631 1199 sunt3
663 1155 743 1189 tum
773 1150 800 1190 l.
835 1149 872 1190 1.
906 1154 945 1198 §-
977 1147 1017 1189 2.
1048 1149 1139 1203 Dig.
1170 1149 1210 1188 h.
1241 1153 1290 1198 t.‚
1330 1161 1382 1188 ex
1413 1159 1490 1200 qua

169 1231 270 1270 actio
311 1231 360 1270 ad
400 1241 539 1270 omnes
579 1230 860 1283 quadrupedes
899 1230 1091 1282 pertinet3
1136 1234 1217 1269 tum
1246 1229 1270 1268 l.
1303 1227 1343 1269 2.
1376 1233 1415 1276 §.
1450 1227 1487 1267 1.

169 1310 260 1363 Dig.
291 1310 329 1350 h.
361 1315 410 1359 t.;
449 1310 515 1350 ubi
547 1310 709 1350 dicitur:
750 1309 813 1361 „Si
845 1310 932 1362 quis
962 1311 1133 1363 aliquem
1165 1310 1328 1360 evitans,
1358 1310 1489 1362 magi-

169 1395 331 1430 stratum
362 1390 488 1440 sorte,
527 1391 566 1430 in
597 1391 800 1430 tabernam
830 1391 1051 1444 proximam
1081 1402 1126 1430 se
1157 1390 1382 1430 immisisset
1410 1390 1490 1429 ibi-

170 1483 247 1524 que
279 1484 301 1511 a
331 1483 428 1511 cane
458 1471 596 1511 feroce
626 1471 744 1511 laesus
771 1477 896 1525 esset,
927 1483 1009 1511 non
1033 1483 1154 1524 posse
1181 1471 1246 1524 agi
1271 1470 1379 1510 canis
1409 1482 1489 1510 no-

168 1552 286 1602 mine,
319 1551 475 1604 quidam
506 1556 660 1604 putant3
692 1556 742 1601 at,
774 1551 807 1591 si
838 1551 992 1591 solutus
1023 1551 1182 1602 fuisset,
1222 1553 1392 1611 contra-‘²
1425 1552 1491 1604 qui

167 1631 278 1671 locus
326 1632 551 1685 gravissimi
597 1633 785 1672 momenti
824 1637 904 1682 est,
960 1633 1107 1685 quippe
1155 1645 1274 1684 quum
1309 1657 1354 1661 -
1400 1645 1492 1673 eum

167 1717 345 1752 ceterum
384 1724 517 1752 casum
555 1717 761 1765 spectans,
806 1713 846 1752 in
878 1724 957 1765 quo
988 1724 1106 1752 nemo
1137 1717 1321 1766 tanquam
1353 1717 1491 1754 auctor

167 1792 340 1833 laesionis
370 1793 410 1832 in
441 1792 610 1832 solidum
641 1794 880 1843 tenetur*),
902 1817 947 1822 —
970 1793 1176 1844 actionem,
1208 1793 1258 1833 de
1290 1806 1367 1846 qua
1398 1795 1489 1847 agi-

167 1884 276 1924 mus,
322 1873 416 1925 quin
456 1873 572 1913 etiam
614 1873 824 1913 occasione
864 1873 994 1914 damni
1032 1874 1080 1913 ab
1111 1885 1211 1913 cane
1242 1873 1380 1915 feroce
1413 1876 1491 1916 dati

166 1953 296 1993 locum
343 1953 492 2018 habere
538 1958 751 2003 monstret,
805 1954 1008 2007 igiturque
1056 1955 1355 2007 applicationem
1404 1957 1490 2010 ejus

168 2033 331 2073 actionis
359 2044 441 2073 non
472 2033 520 2073 ab
552 2045 602 2073 eo
634 2034 827 2086 pendere,
858 2039 989 2074 utrum
1020 2035 1172 2086 animal,
1204 2036 1312 2088 quod
1342 2037 1490 2088 nocuit,

167 2113 217 2153 sit
246 2113 374 2153 ferum
406 2125 455 2153 an
484 2125 579 2165 non,
610 2114 822 2168 perspicue
847 2115 1023 2156 indicare
1047 2116 1239 2166 videatur,
1272 2127 1360 2168 quae
1392 2127 1489 2157 sen-

213 2275 250 2317 *J
277 2275 299 2308 l.
326 2275 358 2308 1.
384 2276 419 2316 §.
446 2273 477 2309 5.
504 2275 582 2319 Dig.
616 2276 649 2308 h.
675 2280 696 2309 t.
746 2275 833 2318 „Sed
866 2282 900 2309 et
930 2278 958 2310 si
993 2278 1086 2310 canis
1124 2288 1200 2310 cum
1234 2277 1414 2311 duceretur
1432 2278 1488 2311 ab

285 2336 413 2380 aliquo,
439 2339 620 2379 asperitate
644 2348 706 2370 sua
732 2339 879 2370 evaserit
904 2343 938 2370 et
962 2338 1064 2371 alicui
1091 2339 1249 2371 damnum
1276 2338 1428 2381 dederit,
1461 2341 1491 2373 si

284 2400 452 2431 contineri
484 2399 610 2432 firmius
645 2399 687 2432 ab
723 2399 790 2431 alio
815 2401 937 2442 poterit
969 2399 1024 2433 vel
1049 2410 1110 2444 per
1135 2411 1212 2433 eum
1236 2400 1351 2433 locum
1374 2401 1492 2434 induci

284 2469 355 2493 non
391 2459 528 2503 debuit,
565 2454 639 2494 hae‘c
674 2461 764 2495 actio
798 2461 965 2503 cessabit,
1010 2467 1044 2495 et
1074 2462 1243 2496 tenebitur
1276 2464 1333 2507 qui
1370 2473 1489 2496 canem

283 2521 430 2555 tenebat.
1260 2522 1264 2524 ’
