1712 2861
1470 27 1515 101 R

817 115 883 165 75
1518 106 1622 252 N

192 253 361 297 diversis
378 253 596 308 pecudibus
621 253 843 307 praestanda
864 257 936 304 est,
961 265 1106 294 cavens
1122 259 1312 305 ceterum,
1343 259 1385 294 ut
1400 254 1514 295 dam..

194 348 285 376 num
316 335 447 376 datum
477 335 526 375 ad
556 334 757 374 arbitrium
788 335 984 375 bonorum
1011 334 1188 374 virorum
1217 335 1513 375 resarciendum

193 417 262 466 sit3
294 420 411 468 atque
441 415 488 465 is,
519 426 636 466 quem
667 415 876 468 indigitare
906 415 1062 455 videtur
1087 416 1309 456 constitutio
1335 416 1515 470 allegata,

194 497 379 536 transitus
419 495 468 535 ad
505 495 740 548 principium
778 496 912 548 legum
942 507 1047 535 nunc
1075 495 1314 548 vigentium,
1354 509 1406 536 ex
1437 509 1515 549 quo

193 576 340 629 domini
378 575 599 616 animalium
638 580 698 616 est
737 586 881 615 cavere
919 587 970 615 ne
1010 576 1162 617 alienos
1201 588 1322 630 agros
1361 577 1516 628 laedant,

192 648 341 698 sensim
379 656 607 708 sensimque
646 656 787 709 majori
825 656 1009 709 amplexu
1046 669 1091 697 se
1133 657 1324 697 exhibuit.
1393 658 1518 712 Hujus

192 736 254 778 rei
293 737 475 790 exempla
513 741 602 776 sunt
639 737 694 776 Pl.
736 734 790 778 18
820 737 1048 778 November
1081 735 1215 789 1778,
1262 740 1371 793 cujus
1404 743 1458 788 §S
1490 738 1517 780 2

195 823 235 859 et
265 821 290 859 ὅ
324 829 516 870 expresse
556 810 747 868 indicant,
795 818 1036 859 habitatores
1076 824 1156 859 tum
1201 820 1517 873 municipiorum,

194 903 275 938 tum
313 899 493 938 vicorum
531 897 740 938 obstrictos
775 910 867 938 esse
897 898 947 938 ad
977 911 1124 952 pecora
1155 911 1225 940 sua
1255 901 1306 940 ita
1337 901 1519 940 custodi-

195 979 310 1029 enda,
350 982 393 1018 ut
422 977 604 1018 damnum
635 990 715 1018 non
745 977 930 1029 inferant,
970 984 1088 1032 atque
1118 981 1158 1020 in
1189 969 1282 1021 casu
1313 981 1397 1020 talis
1428 982 1519 1021 illati

196 1059 476 1113 obligationem
499 1059 771 1098 resarcitionis
794 1059 1030 1111 praestandae
1055 1061 1264 1114 injungunt
1273 1076 1284 1111 ;
1315 1074 1440 1115 porro
1465 1063 1519 1102 Pl.

195 1137 253 1181 24
291 1134 369 1180 Juli
409 1137 521 1181 1786
561 1144 678 1192 atque
717 1140 941 1180 constitutio
988 1138 1040 1181 19
1081 1141 1189 1195 Sept.
1231 1139 1342 1183 1792
1384 1147 1409 1191 S
1450 1141 1520 1194 20,

196 1228 362 1274 quarum
391 1220 525 1273 legum
555 1226 757 1274 praecepta
795 1220 973 1273 ejusdem
1009 1221 1070 1261 rei
1101 1223 1326 1275 spectandae
1356 1224 1521 1264 rationis

197 1301 460 1342 testimonium
516 1301 708 1354 praebent.
792 1301 869 1341 Per
914 1302 1231 1343 constitutionem
1276 1301 1331 1344 29
1379 1302 1520 1344 Octob.

198 1379 313 1422 1794
351 1386 481 1422 autem
521 1382 679 1421 omnino
719 1374 807 1421 fere
842 1381 1004 1421 missum
1034 1382 1178 1423 factum
1209 1388 1269 1423 est
1298 1383 1338 1424 id
1367 1385 1520 1437 princi-

196 1463 316 1516 pium,
349 1461 457 1515 quod
487 1462 626 1502 codice
645 1462 894 1502 Christianeo
925 1468 1129 1517 receptum
1154 1476 1245 1505 esse
1276 1476 1399 1518 supra
1428 1477 1521 1506 mo-

196 1543 374 1593 nuimus,
413 1533 542 1594 cujus*
565 1543 735 1596 vestigia
766 1547 929 1583 eatenus
967 1541 1087 1584 modo
1117 1546 1288 1596 restant,
1330 1550 1522 1598 quatenus

198 1615 422 1663 constitutio
461 1615 505 1664 'in
539 1624 706 1677 singulis
746 1624 901 1663 casibus
932 1624 1092 1665 domino
1122 1625 1318 1678 pecudum
1347 1627 1522 1667 minores

197 1704 473 1758 praestationes
503 1705 680 1757 imponit,
710 1710 926 1758 propterea
954 1704 1062 1758 quod
1090 1717 1307 1758 possessor
1336 1706 1447 1747 fundi
1477 1720 1525 1747 ea

196 1786 442 1839 neglexerit,
484 1794 573 1837 quae
614 1786 744 1837 quoad
780 1798 918 1838 sepem
949 1787 1230 1827 exstruendam
1259 1786 1325 1827 vel
1354 1799 1525 1827 conser-

196 1866 366 1907 vandam
390 1865 525 1906 facere
550 1856 674 1918 ipsius
699 1865 852 1917 fuisset,
883 1867 1012 1907 aliove
1040 1866 1160 1907 modo
1188 1867 1228 1907 in
1256 1868 1369 1922 culpa
1391 1863 1523 1909 fuerit.

198 1947 386 1987 Mutatum
423 1949 516 1985 esse
553 1940 788 1998 principium
825 1945 920 1985 illud
960 1945 1118 1986 Codicis
1155 1947 1391 1988 Christianei
1430 1949 1524 1989 satis

200 2030 402 2080 superque
431 2030 623 2066 monstrat
653 2026 768 2075 §phus
799 2020 934 2077 30ma,
975 2028 1123 2081 quippe
1157 2040 1276 2081 quum
1305 2029 1526 2080 interdicat,

200 2119 278 2160 quo
310 2108 437 2147 minus
469 2107 557 2160 quis
589 2120 641 2147 ex
671 2119 744 2158 eo,
776 2108 883 2160 quod
913 2119 1033 2161 sepes
1064 2108 1182 2148 vicini
1211 2121 1294 2149 non
1324 2115 1526 2150 exstructa

190 2170 264 2228 *vel
301 2188 422 2228 modo
455 2188 564 2241 justo
605 2193 842 2228 conservata
880 2189 950 2239 sit,
992 2189 1243 2230 occasionem
1279 2191 1406 2243 capiat
1443 2202 1524 2231 non

199 2267 380 2319 cavendi,
404 2279 462 2311 ne
480 2280 629 2322 pecora
654 2270 740 2323 ejils
765 2281 918 2322 agrum,
943 2274 1111 2322 pratum,
1142 2282 1333 2323 pascuum
1356 2271 1421 2311 vel
1441 2270 1527 2311 eri-

202 2351 331 2389 cetum
356 2348 525 2388 alienum
540 2349 829 2403 ingrediantur,
861 2351 984 2390 cuivis
1004 2351 1287 2404 obligationem
1302 2351 1528 2404 injungenS,

201 2429 359 2482 quando
399 2441 520 2483 sepes
559 2426 640 2470 non
679 2431 846 2471 sufficiat
893 2432 942 2472 ad
979 2444 1127 2485 pecora
1176 2445 1198 2473 a
1235 2432 1358 2473 fundo
1397 2432 1526 2472 vicino

202 2509 434 2560 detinenda,
474 2524 522 2552 ea
561 2511 662 2565 palis
703 2513 886 2565 alligandi
917 2513 980 2554 vel
1011 2513 1279 2565 custodiendi,
1322 2524 1444 2566 quare
1476 2513 1527 2561 ei,
