1712 2861
838 126 905 176 74

213 262 392 315 5-12-1,
423 263 449 304 2
459 277 470 314 3
503 269 582 304 tuin
613 268 682 304 art.
715 260 756 314 4,
787 263 812 303 5
845 269 884 304 et
915 262 940 304 6
972 264 1149 318 ejusdem
1174 264 1324 318 capitis,
1355 277 1407 306 ex
1436 267 1527 319 qui-

212 347 285 385 bus
324 357 538 398 possessor
576 349 842 384 armentorum
883 346 1116 397 equinorum
1155 358 1203 385 ea
1240 346 1292 386 ita
1330 347 1529 387 custodire

213 426 344 477 debet,
376 430 418 465 ut
447 426 611 465 aliorum
642 437 740 478 agro
772 425 953 465 damnum
980 437 1061 465 non
1085 425 1267 477 inferant,
1297 428 1529 467 resarcitio—

212 519 316 557 nem,
347 507 381 546 si
410 506 488 546 hoc
516 505 741 558 neglectum
770 505 902 556 fuerit,
932 506 1193 558 praestiturus.

326 587 383 627 Ea
419 590 778 639 veropraecepta,
829 598 915 638 quae
957 586 1237 639 obligationem
1276 587 1361 639 ejus
1400 586 1530 628 damni

210 666 436 720 praestandi,
469 666 575 718 quod
605 666 750 705 illatum
775 671 835 705 est
858 667 904 706 ab
930 666 1158 706 animalibus
1181 671 1396 719 propterea
1422 669 1528 719 quod

210 747 256 798 is,
296 748 407 800 cujus
439 752 523 787 erat
553 759 671 800 sepes
703 757 957 797 conservare,
995 746 1073 786 hoc
1101 747 1337 800 neglexerit,
1376 749 1528 789 consti-

209 833 333 879 tuunt,
364 828 413 868 ad
442 828 543 868 hanc
572 827 773 867 materiam
803 839 883 867 non
913 830 1129 881 pertinere,
1159 831 1199 870 in
1230 829 1367 870 oculos
1391 829 1528 869 incur-

209 909 279 959 rit,
316 909 461 962 quippe
493 920 611 960 quum
643 908 829 960 obligatio
865 910 1010 950 hoc-in
1040 923 1134 951 casu
1163 909 1429 951 tantummodo
1460 910 1526 949 ni-

208 995 310 1030 tatur
340 991 379 1029 in
410 990 685 1029 intermissone
717 989 802 1041 ejus
833 1002 952 1042 curae,
985 1004 1072 1045 quae
1105 991 1235 1044 quoad
1265 1002 1384 1044 sepes
1411 990 1527 1030 adhi-

207 1071 337 1110 benda
369 1070 519 1119 fuisset,
552 1081 630 1121 quo
661 1074 847 1121 respectu
877 1072 1080 1123 speciatim
1115 1072 1354 1111 monendum
1385 1074 1458 1121 est,
1488 1071 1528 1109 in

207 1151 317 1190 hisce
348 1139 558 1204 praeceptis
588 1161 668 1189 non
699 1149 818 1189 modo
850 1150 900 1190 de
931 1151 1073 1192 damno
1105 1152 1153 1191 ab
1184 1152 1266 1191 suis
1293 1151 1527 1204 pecudibus,

206 1232 321 1271 etiam
360 1242 460 1271 vero
499 1231 548 1270 ab
581 1230 718 1270 alienis
748 1229 851 1271 facto
883 1233 945 1285 agi
956 1245 968 1282 ;
1015 1229 1209 1273 3-13-37
1250 1231 1322 1273 cfr.
1353 1227 1426 1281 38,
1455 1226 1526 1269 44.

204 1311 251 1352 Ν.
283 1313 326 1353 L.
359 1308 566 1362 3-12-19‚
607 1308 676 1351 20.

796 1465 828 1520 ἓ
863 1460 945 1511 26.

720 1587 1014 1636 Continuatio.

320 1711 556 1766 Principium
596 1704 689 1752 illud
727 1723 866 1765 parum
905 1724 1083 1766 aequum,
1118 1712 1157 1754 vi
1200 1714 1312 1768 cujus
1341 1713 1524 1754 damnum

202 1794 311 1846 agris
342 1793 389 1833 ab
422 1793 651 1832 animalibus
676 1793 807 1833 datum
832 1793 1031 1833 ordinarie
1065 1794 1103 1834 ei
1133 1794 1207 1834 soli
1238 1792 1524 1847 assignabatu'r,

203 1874 270 1926 qui
301 1874 462 1926 sepibus
492 1873 711 1913 constitutis
740 1884 821 1913 non
850 1869 1138 1926 prohibuisset,
1178 1885 1257 1927 quo
1287 1875 1416 1914 minus
1445 1887 1523 1927 pe-

198 1965 296 1993 cora
334 1954 375 1992 in
414 1965 535 2006 agros
574 1953 901 2006 ingrederentur,
941 1965 1022 1995 non
1061 1954 1219 2007 quidem
1253 1967 1341 1995 cum
1371 1965 1523 1995 summo

199 2035 339 2087 rigore
370 2034 409 2074 in
440 2035 555 2087 praxi
585 2034 819 2087 applicatum
842 2033 979 2085 fuisse,
1010 2035 1204 2088 suspicari
1227 2035 1317 2075 licet
1340 2047 1392 2076 ex
1422 2046 1523 2075 con-

200 2115 402 2154 stitutione
435 2109 490 2153 14
519 2113 633 2167 April
665 2110 798 2165 1694,
838 2115 948 2167 cujus
982 2115 1200 2168 praemissae
1230 2115 1396 2166 docent,
1435 2127 1523 2156 eam

199 2196 446 2236 emanavisse
485 2199 527 2233 ut
565 2195 590 2234 ii
629 2195 775 2234 abusus
806 2200 1102 2247 averterentur,
1145 2195 1211 2248 qui
1239 2194 1344 2236 circa
1373 2185 1522 2249 pecora

200 2274 577 2329 comprehendenda
602 2279 717 2326 atque
741 2275 984 2328 redimenda,
1017 2277 1172 2329 quando
1197 2287 1272 2329 per
1295 2288 1415 2330 sepes
1435 2277 1521 2316 col-

198 2356 328 2409 lapsas
354 2360 392 2396 et
416 2355 563 2395 dirutas
587 2356 627 2395 in
657 2367 778 2408 agros
803 2357 951 2397 alienos
976 2356 1244 2408 devenissent,
1275 2358 1521 2407 exstiterunt,

198 2437 249 2477 ad
281 2449 398 2489 quem
429 2436 546 2476 {inem
585 2436 875 2489 assequendum
914 2437 1149 2477 determinat
1179 2433 1403 2478 constitutio
1435 2448 1521 2477 eam

199 2529 389 2557 summam
420 2516 696 2569 pecuniarum,
737 2523 846 2569 quae,
891 2522 934 2558 ut
963 2519 1131 2571 pretium
1160 2517 1415 2560 redemtionis
1447 2529 1520 2571 pro
