1712 2861
827 103 894 152 24

206 242 336 291 siff),
383 252 498 292 quam
536 240 875 280 ratiocinationem
914 252 1074 293 pravam
1116 253 1206 281 esse
1240 243 1321 294 jam
1370 256 1420 282 cx
1468 256 1518 283 eo

206 321 398 371 sequitur,
431 320 536 372 quod
568 320 769 371 dominus,
800 322 868 360 ubi
898 322 949 361 ita
978 334 1046 362 res
1076 335 1121 362 se
1151 322 1305 372 habuit,
1348 335 1399 367 ex
1428 324 1520 377 lege

205 400 361 451 Aquilia
400 401 438 439 in
478 400 645 441 solidum
685 404 941 451 tenetui··²·‘··*).
1017 403 1075 442 Eo
1114 403 1296 443 libentius
1344 402 1522 443 infelices

253 590 292 630 'U
320 587 422 624 (Ssst'id
446 601 478 632 p.
503 585 699 622 271—272.

231 653 288 693 θ)
315 652 335 683 l.
364 652 394 683 1.
421 652 456 691 §.
481 649 513 682 5.
546 650 623 692 Dig.
656 651 684 682 si
719 650 855 692 quadm
895 651 977 692 „sed
1002 657 1036 702 et
1059 653 1087 684 si
1112 653 1219 692 canis,
1245 663 1321 684 cum
1346 651 1526 685 duceretur

325 713 366 745 ab
393 712 520 755 aliquo,
546 712 727 754 asperitate
751 721 812 743 sua
838 713 983 743 evaserit
1014 718 1047 745 et
1072 713 1172 745 alicui
1198 713 1356 745 damnum
1382 713 1527 754 dederit,

325 777 351 808 si
387 774 554 807 contineri
588 773 713 805 firmius
746 771 788 804 ab
821 771 881 804 illo
906 776 1030 815 poterit
1060 774 1114 807 vel
1146 785 1208 817 per
1233 786 1309 807 eum
1334 774 1447 807 locum
1472 776 1526 807 in-

327 837 404 869 duci
429 846 499 868 non
525 834 657 867 debuit:
685 834 757 867 haec
784 835 872 867 actio
899 835 1045 867 cessabit
1070 840 1103 868 et
1122 836 1300 877 tenebitur,
1328 838 1384 880 qui
1407 845 1526 869 canem

327 898 489 931 tenebat“
526 897 585 929 cfr.
618 896 640 928 l.
673 894 728 928 52.
761 897 796 936 δ.
822 895 854 929 2.
887 896 964 939 Dig.
999 897 1042 930 ad
1075 897 1142 941 leg.
1175 897 1262 941 Aqu.
1297 898 1369 940 (IX.
1393 897 1434 939 2)
1472 898 1527 939 „In

329 961 417 994 clivo
445 958 636 1002 Capitolino
663 958 730 990 duo
756 957 884 1000 plostra
909 964 1030 991 onusta
1054 959 1152 991 mulae
1179 959 1367 992 ducebant:
1405 961 1528 1002 prioris

327 1023 444 1066 plostri
469 1021 638 1053 muliones
665 1029 866 1052 conversum
890 1019 1054 1062 plostrum
1079 1020 1322 1063 sublevabant,
1349 1032 1415 1065 quo
1441 1021 1529 1053 faci-

327 1084 391 1117 lius
425 1083 524 1115 mulae
550 1082 730 1114 ducerent:
767 1082 900 1113 interim
932 1084 1085 1125 superius
1124 1083 1287 1126 plostrum
1325 1084 1448 1116 cessim
1479 1083 1529 1115 ire

330 1147 428 1188 caepit
460 1149 493 1177 et
526 1154 602 1176 cum
634 1142 824 1183 muliones,
863 1145 919 1186 qui
952 1145 1041 1177 inter
1074 1144 1141 1177 dua
1165 1145 1292 1188 plostra
1317 1145 1471 1185 suerunt,
1510 1155 1528 1176 c

329 1207 442 1240 medio
470 1208 627 1246 exissent,
653 1205 821 1248 posterius
846 1204 1010 1248 plostrum
1035 1216 1054 1238 a
1079 1208 1192 1248 priore
1217 1217 1415 1249 percussum
1439 1210 1529 1238 retro

330 1270 478 1302 redierat
499 1273 531 1299 et
550 1278 692 1310 puerum
714 1267 889 1310 cujusdam
912 1268 1114 1301 obtriverat:
1143 1267 1298 1300 dominus
1323 1268 1421 1310 pueri
1445 1277 1532 1300 con-

330 1331 481 1371 sulebat,
520 1340 595 1362 cum
622 1339 688 1372 quo
716 1326 793 1371 (se)
821 1339 924 1372 agere
951 1335 1141 1373 oporteret:
1167 1328 1343 1372 Respondi
1368 1330 1402 1361 in
1428 1339 1531 1361 eausa

326 1393 382 1435 jus
408 1402 483 1424 esse
508 1392 663 1434 positum.
722 1389 807 1423 Nam
831 1393 858 1423 si
883 1391 1071 1433 muliones,
1109 1393 1167 1435 qui
1193 1393 1346 1434 superius
1370 1390 1532 1434 plostrum

330 1455 584 1494 sustinuissent,
618 1463 682 1491 sua
718 1457 838 1495 sponte
874 1463 912 1485 se
948 1453 1187 1486 subduxissent
1223 1458 1256 1486 et
1291 1453 1370 1486 ideo
1408 1452 1533 1485 factum

332 1521 432 1557 esset,
457 1519 492 1547 ut
516 1514 614 1546 rnulae
638 1514 801 1556 plostrum
825 1516 972 1547 retinere
1005 1525 1074 1547 non
1098 1519 1257 1558 possent,
1301 1519 1401 1557 atque
1428 1524 1533 1546 onere

332 1581 405 1621 ipso
431 1576 699 1609 retraherentur:
739 1586 816 1608 cum
850 1576 988 1609 domino
1023 1576 1187 1609 mularum
1219 1575 1346 1608 nullam
1373 1586 1447 1608 esse
1474 1585 1535 1608 ac-

331 1642 477 1680 tionem3
504 1646 581 1671 cum
605 1637 817 1680 hominibus,
860 1639 917 1682 qui
943 1646 1145 1671 conversum
1168 1637 1331 1681 plostrum
1355 1638 1535 1669 sustinuis-

333 1706 426 1743 sent,
464 1700 544 1744 lege
573 1699 712 1744 Aquilia
746 1701 802 1743 agi
825 1710 947 1742 posse:
985 1707 1064 1732 nam
1088 1699 1310 1732 nihilominus
1335 1709 1412 1732 eum
1438 1699 1535 1731 dam-

332 1774 412 1796 num
438 1761 532 1803 dare,
558 1763 626 1805 qui,
652 1762 745 1805 quod
769 1763 968 1803 sustineret,
994 1757 1173 1794 dimitteret
1196 1771 1258 1793 sua
1281 1761 1477 1802 voluntate,
1502 1764 1538 1792 ut

334 1825 482 1868 aliquem
507 1822 641 1864 feriret3
675 1822 792 1864 veluti,
817 1824 845 1855 si
872 1824 946 1866 quis
973 1823 1126 1864 asellum,
1150 1833 1229 1855 cum
1254 1824 1434 1866 agitasset,
1465 1832 1536 1854 non

333 1887 544 1926 retinuisset3
582 1892 679 1928 aeque
713 1886 741 1917 s'i
776 1885 850 1928 quis
884 1895 924 1917 ex
956 1896 1058 1917 manu
1094 1881 1198 1917 telum
1240 1889 1296 1917 aut
1329 1883 1422 1916 aliud
1455 1883 1536 1927 quid

336 1948 538 1988 amississet,
577 1947 736 1979 damnum
760 1946 883 1988 injuria
908 1946 1015 1988 daret,
1063 1946 1132 1980 Sed
1156 1948 1184 1978 si
1209 1944 1329 1987 mulae,
1367 1946 1447 1989 quia
1473 1945 1538 1978 ali-

337 2010 417 2055 quid
448 2008 729 2041 reformidassent
761 2013 794 2040 et
817 2008 986 2041 muliones
1010 2009 1130 2040 timore
1155 2009 1317 2050 permoti,
1352 2017 1396 2039 ne
1423 2008 1539 2050 oppri-

336 2077 518 2112 merentur,
549 2070 712 2113 plostrum
746 2069 981 2114 reliquissent,
1018 2080 1095 2102 cum
1135 2069 1328 2102 hominibus
1369 2071 1538 2101 actionem

335 2133 465 2166 nullam
490 2143 585 2173 esse,
623 2143 699 2164 cum
733 2131 870 2164 domino
904 2131 1070 2164 mularum
1096 2141 1181 2164 esse.
1246 2129 1347 2170 Quod
1371 2131 1399 2163 si
1424 2141 1538 2174 neque

338 2195 437 2228 mulae
470 2205 582 2237 neque
616 2194 771 2226 homines
803 2195 838 2226 in
871 2204 973 2226 causa
1008 2198 1140 2234 essent,
1176 2192 1237 2225 sed
1270 2192 1369 2225 mulae
1392 2193 1539 2226 retinere

341 2269 426 2291 onus
451 2258 661 2300 nequissent,
688 2260 755 2296 aut,
781 2266 857 2288 cum
884 2257 1148 2296 conniterentur‚
1182 2254 1286 2298 lapsa?
1311 2252 1541 2287 concidissent

340 2325 372 2353 et
396 2320 475 2352 ideo
501 2318 664 2362 plostrum
689 2319 812 2350 cessim
837 2317 980 2350 redisset
1005 2322 1106 2361 atquc
1131 2317 1186 2358 hi,
1220 2317 1312 2360 quod
1337 2327 1540 2350 conversum

340 2383 468 2422 suisset,
496 2391 581 2414 onus
606 2381 771 2413 sustinere
792 2385 1001 2424 neqmssent,
1025 2390 1138 2423 neque
1165 2390 1241 2412 cum
1268 2379 1405 2412 domino
1431 2377 1541 2410 mula-

341 2454 413 2476 rum
447 2454 559 2487 neque
593 2454 668 2475 cum
701 2443 894 2476 hominibus
927 2453 1003 2476 esse
1037 2443 1216 2475 actionem.
1276 2439 1362 2473 Illud
1405 2439 1541 2483 quidem

343 2509 455 2545 certe,
495 2515 632 2548 quoquo
659 2505 761 2538 modo
788 2516 841 2538 res
866 2516 902 2538 se
929 2504 1082 2546 haberet,
1108 2515 1182 2536 cum
1209 2502 1347 2536 domino
1373 2502 1543 2546 posterio-
