1712 2861
853 103 921 153 84

231 247 452 295 ferrentur,
493 249 531 284 at
569 245 651 284 aliis
691 245 730 284 in
761 245 858 284 locss
888 244 1118 298 praescripta
1149 243 1419 295 continentur,
1459 257 1546 298 quae

233 339 320 366 eam
350 327 409 365 rei
440 326 664 378 spectandae
694 326 899 376 rationem,
936 338 1051 378 quam
1080 325 1283 378 amplexus
1315 331 1375 365 est
1404 326 1547 375 codex,

231 411 434 456 testantur,
465 417 541 445 nec
571 418 671 458 ergo
702 406 742 445 in
772 406 845 446 hac
874 406 1037 446 materia
1067 407 1195 446 otiosa
1226 411 1355 446 erunt.

347 486 454 526 Talia
493 486 743 539 intelligimus
790 499 838 527 ea
883 491 1082 539 praecepta
1130 487 1224 540 Cap.
1267 483 1320 526 13
1360 487 1466 527 Libr.
1507 483 1548 536 3,

232 578 319 618 quae
353 567 402 606 de
433 566 576 606 damno
609 568 715 619 agris
746 567 854 606 illato
885 572 1027 620 agunt,
1067 579 1120 606 ex
1150 567 1311 619 quibus,
1349 573 1391 606 ut
1429 578 1549 619 supra

231 648 464 696 monuimus,
497 646 657 686 domino
689 646 908 685 animalium
938 647 1124 700 obligatio
1150 648 1416 687 resarcitionis
1439 659 1550 699 prae-

230 727 378 767 standae
409 739 488 767 non
519 727 745 780 injungitur.
808 727 994 774 Quamvis
1025 727 1129 767 enim
1158 727 1363 780 legislator
1401 728 1442 767 in
1471 726 1550 767 illis

231 809 441 861 praeceptis
481 808 764 848 constituendis
803 808 879 848 hoc
913 808 1143 861 respexisse
1175 812 1404 858 censeatur,
1444 807 1552 859 quod

232 901 399 929 neccsse
430 891 498 939 sit,
538 889 715 928 animalia
752 889 791 928 in
823 889 930 941 agris
961 894 1192 939 versentur,
1234 889 1391 928 minime
1421 893 1551 927 tamen

231 975 404 1009 statuere
441 969 590 1019 licebit,
634 968 730 1008 illud
768 974 1007 1009 momentum
1045 969 1320 1008 liberationem
1358 969 1405 1008 ab
1445 968 1552 1008 omni

231 1051 483 1102 praestatione
521 1050 665 1089 allerre
704 1051 902 1102 potuisse,
948 1051 1022 1090 nisi
1063 1050 1139 1089 tale
1184 1049 1417 1102 principium
1463 1052 1553 1087 ante

233 1131 369 1170 oeulos
393 1130 587 1180 habuerit,
619 1142 670 1169 ex
695 1141 783 1181 quo>
799 1130 1000 1170 ordinarie
1027 1130 1173 1170 domini
1198 1129 1372 1169 animalis
1388 1140 1468 1168 non
1492 1129 1553 1178 sit,

234 1212 416 1252 daumum
447 1211 494 1251 ab
525 1210 601 1250 hoc
632 1210 762 1250 datum
793 1216 997 1264 praestare‚
1030 1222 1109 1263 quo
1138 1215 1325 1262 respectu
1348 1210 1464 1249 etiam
1488 1208 1552 1248 af-

232 1292 330 1332 ferri
368 1295 535 1344 possunt
575 1287 767 1331 6-14-12
808 1291 880 1331 cfr.
923 1288 996 1341 14,
1038 1303 1089 1330 ex
1129 1291 1270 1343 quibus
1299 1302 1379 1330 non
1409 1290 1483 1329 nisi
1513 1290 1553 1329 in

233 1384 326 1412 casu
350 1372 474 1425 culpae
495 1372 674 1412 admissa:
693 1372 880 1425 obligatio
906 1372 1174 1412 resarcitionis
1194 1371 1396 1411 solvendae
1413 1374 1552 1410 exstat.

350 1453 448 1500 Quae
480 1465 565 1493 cum
597 1453 648 1493 ita
679 1454 767 1503 sint,
799 1465 850 1492 ex
880 1458 1017 1492 nostra
1042 1453 1235 1492 sententia
1258 1452 1310 1492 ita
1335 1462 1554 1504 argumen-

232 1534 305 1574 tari
335 1533 486 1583 licebit,
525 1538 567 1576 ut
598 1533 791 1584 dicamus,
830 1533 1118 1586 legislationem
1151 1533 1270 1573 modo
1302 1532 1482 1572 sanxisse
1512 1535 1554 1570 ut

233 1615 429 1664 damnum,
462 1614 569 1666 quod
599 1614 777 1654 animalia
809 1614 1037 1653 animalibus
1061 1613 1244 1663 inferant,
1274 1613 1325 1652 sit
1348 1624 1370 1651 a
1393 1611 1553 1652 domino

232 1696 387 1735 illorum
418 1695 697 1747 praestandum,
727 1699 928 1748 praecepta
959 1699 1087 1734 autem
1119 1694 1216 1746 ejus,
1253 1705 1342 1746 quae
1373 1692 1554 1732 damnum

233 1777 281 1816 ab
314 1776 542 1815 animalibus
571 1775 692 1814 rebus
704 1775 939 1828 ‘inanimatis
970 1775 1101 1814 datum
1131 1777 1323 1827 spectent,
1354 1773 1554 1813 contrario

231 1857 426 1910 principio
460 1867 685 1908 congruere
695 1869 706 1904 ;
737 1867 812 1895 nec
851 1867 940 1895 esse
973 1855 1080 1908 quod
1119 1855 1302 1904 svadeat‚
1333 1853 1410 1893 hoc
1438 1854 1553 1906 prin-

234 1939 338 1991 cipio
379 1938 522 1987 misso,
571 1936 936 1988 interpretationem
968 1935 1211 1975 extensivam
1241 1935 1281 1973 in
1319 1934 1454 1987 priora
1492 1933 1555 1973 illa

234 2023 432 2072 praecepta
464 2018 659 2070 applicare
670 2030 680 2066 3
714 2028 792 2069 quo
823 2021 1009 2068 respectu
1048 2016 1126 2056 hoc
1159 2026 1283 2068 porro
1315 2014 1555 2054 monendum

235 2105 315 2149 est,
355 2099 601 2139 recentiores
639 2098 775 2151 leges,
816 2109 903 2150 quae
944 2098 1047 2138 circa
1087 2096 1335 2135 securitatem
1374 2095 1481 2148 agris
1516 2099 1556 2134 et

235 2181 396 2233 sepibus
422 2180 469 2219 ab
496 2179 699 2219 invasione
725 2179 944 2218 animalium
971 2176 1272 2230 comparandam
1295 2187 1419 2216 novas
1435 2179 1554 2215 sanc—

234 2262 362 2301 tiones
394 2260 596 2310 dederint,
632 2261 710 2299 vim
742 2259 1091 2312 argumentationis
1122 2262 1269 2297 nostrae
1300 2268 1381 2296 non
1411 2255 1555 2296 infrin-

235 2354 356 2393 gere,
398 2342 543 2393 quippe
584 2353 702 2393 quum
741 2340 826 2380 haec
857 2340 1141 2392 argumentatio
1175 2350 1255 2378 non
1287 2350 1338 2377 ex
1367 2336 1554 2390 speciali-

236 2423 308 2462 bus
339 2422 412 2461 illis
443 2422 652 2474 praeceptis
684 2421 855 2470 Codicis,
888 2433 974 2473 quae
1008 2421 1057 2459 ita
1089 2424 1232 2458 mutata
1262 2415 1364 2468 sunt',
1396 2417 1467 2457 sed
1503 2429 1554 2455 ex

237 2503 414 2549 generali
445 2515 494 2541 co
527 2502 733 2554 principio,
767 2504 826 2542 cui
852 2506 1131 2554 superstructa?
1157 2505 1259 2549 sunt,
1291 2498 1467 2539 ‹lesumta
1491 2497 1552 2537 sit.
