1712 2861
801 46 867 94 53

177 184 325 238 excipit
355 184 521 234 sanctio,
551 183 591 223 vi
621 182 754 236 cujus,
786 182 853 222 ubi
883 194 971 223 cum
1001 194 1200 224 consensu
1232 181 1405 223 omnium
1435 182 1499 222 vi-

177 267 357 306 cinorum
388 264 482 318 equi
511 265 551 304 in
577 275 758 316 campum
796 263 990 304 consitum
1021 264 1181 322 admissi
1209 269 1322 313 sunt,
1354 263 1502 304 domini

179 359 331 397 eorum,
363 346 396 386 si
427 345 609 385 damnum
640 343 784 384 factum
815 348 889 395 est,
920 355 1002 384 non
1031 345 1081 385 ad
1111 346 1274 385 mulctas
1303 349 1502 397 praestan-

177 429 261 478 das,
292 426 364 467 sed
391 425 511 466 modo
537 425 587 487 ad
616 425 917 465 resarcitionem
946 425 1177 466 solvendam
1203 426 1501 478 obliganturffl.

176 507 304 562 Caput
332 504 460 548 74tum
490 510 691 560 praecepta
723 506 911 556 continet,
943 518 1030 558 quae
1056 506 1104 546 ad
1130 506 1349 546 cavendum
1379 517 1502 558 spec-

178 593 271 639 tant,
310 599 375 638 ne,
407 599 457 628 eo
499 586 606 640 quod
636 591 876 640 praemature
906 599 1055 640 pecora
1086 587 1126 627 in
1157 599 1336 640 campum
1367 587 1504 626 consi-

175 673 256 708 tum
294 668 567 719 immittantur,
612 672 806 708 noceatur
844 669 995 720 segeti,
1041 668 1144 708 inter
1183 679 1271 720 quae
1302 667 1505 720 speciatim

178 748 276 799 hoc,
323 761 375 789 ex
415 761 494 802 quo
536 749 595 799 ei,
641 749 708 801 qui
748 749 976 801 priusquam
1016 749 1080 788 alii
1118 759 1292 787 messem
1324 747 1504 797 absolvit,

177 840 258 868 non
294 829 386 868 licet
422 841 546 882 pecus
584 841 698 868 suum
737 826 776 869 in
817 842 1018 883 campum,
1064 841 1115 868 ne
1157 827 1316 880 quidem
1346 830 1385 867 in
1417 840 1503 867 eam

176 912 346 964 partein,
376 921 463 961 quae
487 910 611 962 ipsius
636 914 708 959 est,
733 909 884 950 inferre
895 898 987 960 Η),
1013 921 1101 949 cum
1121 921 1143 948 e
1168 908 1368 948 contrario
1393 919 1504 960 prae-

176 990 383 1040 scribitur,
429 994 472 1029 ut
509 990 541 1029 si
582 990 670 1042 quis
703 1002 793 1030 eum
823 991 863 1030 in
893 990 1033 1041 finem,
1078 995 1122 1030 ut
1151 990 1235 1030 aliis
1267 994 1410 1030 noceat
1438 990 1504 1029 vet

177 1073 328 1123 pecora
359 1081 499 1110 eorum
530 1070 859 1124 comprehendat,
899 1076 1080 1124 segetem
1111 1083 1221 1112 suam
1250 1082 1332 1110 non
1363 1070 1504 1110 deme-

176 1155 243 1201 tat,
273 1162 349 1191 nec
378 1151 480 1191 intra
509 1156 664 1204 tempus
695 1152 734 1191 in
759 1152 851 1205 jure
882 1153 1134 1192 constitutum
1165 1164 1337 1192 messem
1368 1152 1504 1191 absol-

176 1236 263 1282 vat,
309 1232 471 1285 sepibus
502 1237 682 1285 segetem
720 1231 941 1272 defendere
981 1233 1106 1285 ipsius
1138 1233 1188 1272 sit
1216 1244 1293 1273 nec
1323 1232 1361 1272 ei
1389 1232 1506 1272 liceat

176 1325 326 1365 pecora
355 1313 522 1353 aliorum
552 1313 894 1366 comprehendere
905 1314 1025 1362 aaa).

279 1449 337 1496 ‘eil
361 1464 402 1496 ok
427 1463 566 1506 tylltroer
589 1463 656 1496 han
676 1474 698 1495 a
721 1464 768 1496 sit
793 1463 897 1508 eykaet
923 1464 963 1497 ok
984 1475 1013 1496 u:
1024 1463 1149 1496 orthoer
1169 1463 1237 1496 Ιιαη
1251 1463 1332 1496 Idm.
1358 1463 1398 1495 ok
1411 1463 1505 1495 kom—

293 1525 363 1558 baer
386 1526 454 1558 Ιιαη
477 1526 491 1557 i
514 1525 629 1557 nokaer
652 1537 750 1559 man-⁷2
770 1526 872 1558 akaer.
899 1526 955 1558 ΙΙια
979 1526 1105 1569 yjaldae
1125 1526 1193 1558 han
1213 1526 1321 1558 athoer
1341 1525 1503 1558 skathaen.

295 1587 336 1619 ok
361 1587 444 1619 bdlae
469 1576 544 1619 twav
563 1591 631 1619 drae
653 1589 740 1629 foroe
764 1594 801 1620 at
825 1588 892 1621 Ῐιαη
916 1588 1028 1630 [ὅνΐῙιε
1051 1588 1065 1620 i
1088 1599 1196 1631 tanny.

226 1648 261 1691 ἓ)
292 1649 343 1681 Fa
375 1649 416 1681 ok
447 1650 537 1691 flerae
568 1649 683 1681 hoeslae
709 1650 762 1692 lof
781 1651 824 1692 af
843 1650 922 1682 allae
945 1661 1094 1693 qrannoe.
1134 1649 1191 1682 tha
1217 1649 1280 1682 thae
1305 1649 1349 1690 clf
1367 1647 1447 1680 allae
1471 1648 1510 1689 fa

295 1711 354 1753 los.
383 1711 468 1742 {leem
489 1711 593 1743 bdtaer
612 1723 689 1745 man
712 1712 785 1744 ikke
806 1713 902 1758 sorge.
932 1712 973 1744 ok
998 1711 1076 1744 thoet
1100 1711 1249 1744 hwaraen
1269 1710 1403 1755 gjaeldae
1424 1710 1507 1742 ska-

295 1773 383 1805 {haen
402 1779 488 1805 atoer
509 1759 593 1805 ᾗκεν
614 1774 671 1809 the
685 1773 823 1817 ydrllaeoe.
883 1773 967 1807 Wilet
991 1773 1070 1805 alloe
1092 1773 1193 1806 hzcaer
1213 1773 1308 1805 kcwoe
1332 1773 1389 1805 siu
1410 1772 1505 1804 kaese.

295 1834 336 1867 ok
368 1833 506 1867 worthae
542 1835 594 1867 Ille
626 1835 707 1867 allae
739 1847 795 1868 um
828 1842 923 1868 safoe.
952 1835 1041 1868 alhae
1067 1836 1120 1868 the
1143 1835 1242 1867 moeth
1266 1835 1346 1867 alloe
1370 1846 1510 1878 yrannoe

294 1896 348 1938 lof
367 1896 491 1928 homme
514 1897 538 1928 i.
567 1897 652 1928 [hem
672 1897 757 1929 bfitoe
778 1908 856 1929 man
878 1909 916 1939 ey
935 1897 1032 1939 foroe.
1067 1897 1108 1929 ok
1129 1896 1200 1929 thot
1220 1896 1366 1928 hwaraen
1385 1896 1511 1939 yjaldae

296 1957 449 1990 skalkaen
473 1963 569 1990 alaer.

199 2018 258 2062 ἸἨξ)
291 2019 382 2051 Tkaet
413 2018 489 2052 skal
518 2031 598 2055 mcm
629 2019 670 2052 ok
702 2021 811 2060 wilte,
851 2026 888 2052 at
919 2032 975 2053 mn
1006 2019 1223 2053 nokoer-man
1258 2019 1432 2064 sanyykaer
1455 2019 1513 2062 [ὃν

297 2081 445 2125 byryhcet
486 2094 537 2114 oen
571 2094 697 2115 annaer.
737 2083 794 2114 {ha
826 2082 901 2115 skal
932 2082 1000 2115 Imn
1032 2095 1070 2126 ey
1104 2083 1187 2115 thaer
1224 2083 1311 2125 sorte
1343 2082 1389 2114 sit
1420 2082 1466 2123 [ιε
1499 2082 1512 2112 i

296 2146 309 2177 i
333 2156 429 2188 wamy
454 2145 588 2177 wrakae.
618 2156 669 2177 oen
695 2144 773 2177 thaet
796 2144 866 2177 Ιιαη
889 2144 1003 2177 Ῐιατατι·
1028 2145 1099 2177 Πιοιι
1123 2157 1145 2177 α
1169 2145 1215 2177 sit
1241 2144 1354 2188 eqhoel.

178 2206 255 2250 ἦθ’)
282 2207 358 2240 sEn
390 2218 439 2239 oer
461 2206 575 2238 nokaer
601 2206 688 2239 tlcaen
710 2206 819 2249 scobi
844 2206 907 2249 by,
936 2212 972 2238 at
995 2206 1063 2239 han
1089 2206 1189 2240 lalaer
1211 2206 1326 2249 for-chy
1351 2206 1398 2237 sit
1425 2205 1509 2237 korn

295 2275 365 2302 nlae
396 2268 547 2308 slandoe,
586 2275 622 2301 at
654 2269 721 2301 lmn
752 2268 811 2300 wil
842 2272 932 2312 957·ae
965 2268 1080 2300 amlroe
1114 2268 1198 2300 Ikoer
1229 2267 1357 2300 wcmdae
1391 2267 1503 2299 moeth.

299 2331 406 2362 oelloer
439 2329 553 2362 Iha’rae
591 2331 635 2373 [ω
659 2331 838 2363 i1mimmoe.
882 2329 941 2362 ΙῘια
963 2330 1071 2362 skulae
1102 2341 1241 2374 yramaeoe
1265 2329 1366 2361 kalloe
1389 2329 1513 2361 hamam

299 2393 341 2425 til
375 2392 496 2436 things.
536 2404 576 2436 ⁰9
609 2392 787 2436 {hinymaen
819 2391 925 2424 skuloe
959 2392 1072 2436 loeyyae
1105 2403 1144 2424 en
1176 2391 1262 2436 dayh
1294 2392 1350 2433 sor
1374 2391 1506 2423 Itanum.

299 2454 387 2486 lucae
422 2454 507 2497 (ΙαῃΙι
538 2454 605 2487 han
638 2455 714 2487 skal
746 2454 891 2497 hyr-ylowe
923 2454 1027 2486 lwvoe.
1071 2453 1111 2486 ok
1141 2455 1200 2495 far
1232 2453 1299 2486 han
1326 2453 1402 2485 theu
1428 2452 1513 2494 dayk
