1712 2861
847 105 911 154 18

222 245 525 286 condemnatur:
555 254 673 284 noxae
698 243 845 284 deditio
869 244 908 284 in
939 243 1135 284 solutione
1167 249 1240 295 est,
1271 255 1359 297 quae
1389 257 1413 285 e
1442 245 1535 299 lege

221 325 440 365 tribuum-‚⁶⁴

335 405 501 445 Tantum
539 416 638 444 vero
677 405 789 446 abest
824 410 866 445 ut
902 406 989 446 haec
1025 407 1091 447 lex
1120 405 1375 456 sententiam,
1421 417 1538 458 quam

219 485 464 539 probandam
495 497 717 537 censemus,
746 485 952 539 infringat,
997 491 1040 526 ut
1077 499 1164 526 eam
1196 487 1288 538 quin
1319 486 1435 526 etiam
1463 485 1538 526 fir-

219 572 311 608 met.
385 567 538 607 Initium
577 567 686 609 enim
717 567 843 620 legis,
890 578 978 619 quae
1017 567 1068 607 de
1105 567 1191 619 ipsa
1221 567 1376 607 actione
1405 551 1538 606 noxali

220 648 379 687 omnino
417 658 499 686 non
535 646 709 699 loquitur
753 646 924 697 „Decem
962 651 1028 686 aut
1071 658 1190 686 noxae
1238 646 1390 686 dedere
1436 657 1538 686 con-

221 727 449 767 denmatus“
488 727 582 767 satis
620 726 764 766 indicat
800 727 1034 766 sententiam
1073 738 1095 766 a
1128 725 1262 778 judice
1302 725 1418 765 latam
1448 737 1539 766 esse

221 807 509 857 alternativam,
542 818 690 859 eaque,
741 818 829 858 quae
859 807 1140 859 insequuntur,
1173 806 1331 847 omnino
1370 817 1452 846 non
1489 806 1538 846 ad

221 888 415 927 actionem
452 887 658 937 noxalem,
702 887 776 926 sed
814 887 863 927 ad
901 888 1095 927 actionem
1127 887 1292 940 judicati
1328 887 1540 939 pertinent,

220 980 307 1008 eam
337 968 469 1021 igitur,
501 979 589 1020 quae
615 967 663 1008 ad
688 967 985 1007 exsecutionem
1014 967 1218 1008 sententiae
1246 966 1336 1007 latae
1365 966 1540 1007 intendi-

220 1050 356 1097 tufi).
424 1047 493 1088 Vis
531 1048 747 1089 verborum
776 1048 928 1101 Uipiani
959 1060 1008 1088 ea
1038 1059 1129 1088 esse
1158 1047 1334 1087 videtur:
1380 1046 1421 1088 Si
1452 1047 1539 1099 quis

221 1128 472 1178 alternative,
519 1128 568 1168 ad
608 1129 747 1169 decem
785 1129 1033 1181 praestandos
1072 1132 1138 1167 aut
1175 1128 1225 1169 ad
1261 1138 1408 1167 noxam
1437 1127 1540 1167 dan-

221 1209 310 1249 dam
349 1209 630 1249 condemnatus
663 1213 742 1258 est,
789 1209 892 1249 actio
925 1208 1108 1261 judicati'
1126 1208 1179 1247 ita
1216 1208 1362 1248 institui
1408 1213 1542 1261 potest

220 1294 262 1328 ut
299 1289 419 1329 modo
459 1289 508 1328 ad
550 1289 689 1328 decem
718 1271 937 1329 solvendos
965 1289 1243 1338 conveniatur,
1290 1289 1381 1340 quia
1410 1288 1540 1329 facul-

219 1374 299 1410 tate
329 1381 447 1408 noxae
479 1368 652 1409 dedendi
682 1381 705 1408 a
733 1368 826 1422 lege
858 1380 1048 1408 concessa
1079 1379 1129 1408 eo
1159 1379 1240 1408 non
1269 1369 1467 1421 privatur;
1506 1368 1540 1408 si

223 1449 309 1501 quis
335 1454 465 1488 autem
490 1449 628 1489 decem
657 1450 722 1489 vel
751 1461 868 1489 noxae
900 1448 1097 1488 dationem
1127 1449 1202 1488 sibi
1231 1449 1436 1501 stipulatus
1467 1454 1539 1499 est,

220 1541 302 1569 non
332 1533 464 1583 potest
493 1530 646 1569 actione
679 1529 854 1583 experiri
883 1533 926 1569 ut
955 1528 1074 1568 modo
1107 1528 1246 1568 decem
1275 1534 1402 1582 petat,
1435 1541 1542 1582 quo-

221 1610 327 1650 niam
365 1611 417 1650 ita
455 1610 578 1663 pluris
615 1610 755 1662 petitio
795 1609 974 1662 quaedam
1002 1609 1133 1649 locum
1161 1609 1347 1659 haberet,
1374 1609 1540 1662 ‘quippe

223 1702 342 1743 quum
383 1701 499 1743 aeque
529 1690 695 1743 cogitari
725 1690 852 1743 possit
881 1689 1036 1742 singula
1066 1688 1276 1742 separatim
1305 1689 1346 1728 in
1375 1689 1541 1742 stipula-

221 1771 369 1811 tionem
408 1770 575 1811 deducta
614 1782 726 1821 esse,
775 1782 822 1809 ac
859 1770 1108 1818 alternative3
1135 1758 1231 1809 *hoc
1268 1774 1397 1809 autem
1435 1770 1538 1810 circa

222 1851 439 1901 actionem,
484 1851 596 1903 cujus
634 1850 929 1890 fundamentum
972 1854 1032 1889 est
1063 1849 1244 1889 damnmn
1274 1861 1297 1888 a
1326 1861 1445 1889 servo
1476 1849 1540 1890 vel

223 1930 482 1984 quadrupede
513 1931 666 1981 datum,
707 1942 789 1971 non
818 1931 942 1981 valet,
981 1930 1048 1970 ubi
1079 1931 1330 1970 enim-causa
1358 1934 1541 1982 tanquam

223 2023 340 2051 causa
369 2011 523 2051 noxalis
556 2011 763 2063 dijudicata
796 2016 869 2062 est,
901 2011 1047 2051 institui
1076 2015 1209 2064 potest
1233 2023 1280 2051 ea
1304 2010 1418 2059 actio,
1451 2022 1539 2062 quae

223 2091 273 2131 ad
320 2092 618 2131 exsecutionem
664 2092 869 2131 sententiae
918 2104 940 2132 a
979 2091 1114 2145 judice
1166 2091 1253 2130 latae
1299 2091 1540 2130 alternativae

223 2175 387 2224 spectat,
417 2171 469 2211 ita
498 2177 539 2211 ut
568 2172 644 2212 litis
673 2172 970 2213 aestimationem
994 2171 1119 2211 solam
1149 2172 1325 2224 attingat,
1356 2171 1540 2224 quoniam

224 2251 389 2290 facultas
427 2251 662 2292 solutionem
701 2264 817 2292 noxae
857 2252 1057 2292 deditione
1094 2252 1308 2304 praestandi
1354 2264 1405 2291 ex
1448 2252 1540 2304 lege

223 2332 309 2384 ipsa
348 2333 543 2384 competit.
620 2333 671 2373 At
711 2334 758 2373 ab
792 2334 914 2374 altera
943 2337 1055 2386 parte
1087 2332 1135 2372 ad
1166 2333 1289 2372 solam
1318 2343 1435 2374 noxae
1466 2331 1540 2374 da-

271 2503 308 2544 *J
329 2502 355 2535 ἰ.
382 2501 412 2536 4.
440 2504 464 2543 §
489 2503 521 2538 5.
548 2523 589 2528 —
618 2505 637 2537 ι.
665 2504 694 2538 7.
723 2524 764 2529 -
791 2506 812 2538 l.
841 2505 892 2539 15.
919 2506 976 2539 uit.
1005 2525 1044 2529 -
1072 2505 1092 2538 ι.
1118 2502 1173 2538 27.
1198 2502 1253 2538 29.
1279 2503 1334 2539 44.
1360 2505 1391 2539 h.
1418 2511 1438 2538 t.
