1712 2861
793 89 861 139 47

168 228 377 279 convenit,
414 233 500 268 tres
545 238 697 268 marcas
744 227 904 268 solvere
943 227 1006 267 vel
1039 227 1264 279 Juramento
1302 226 1486 267 duodeno

170 308 313 349 factum
344 308 548 361 denegare
579 307 723 347 debeat
734 309 796 356 ὕ).
856 307 1095 347 Monendum
1119 318 1243 360 porro
1275 312 1347 357 est,
1377 319 1487 360 prae-

167 394 282 442 cepta
319 389 484 441 allegata
525 399 577 427 ex
615 387 753 440 Capite
786 385 897 428 10m0
928 388 1035 428 Libr.
1067 387 1166 428 lei
1205 388 1319 427 etiam
1357 388 1487 440 appli-

166 467 290 510 canda
320 480 434 519 esse,
479 468 514 508 si
552 467 666 521 porci
704 467 744 507 in
783 468 912 508 alieno
943 479 1109 508 nemore
1137 467 1487 521 deprehendantur

211 698 251 742 ἃ)
275 698 338 732 Alc
373 698 449 732 hwa
487 709 561 731 sum
605 698 720 732 bondae
762 702 824 742 951·
867 699 983 731 vcidoer
1018 710 1136 732 mmaer
1171 698 1286 731 bondoe
1322 700 1359 732 in
1393 710 1483 739 nam,

280 771 353 793 swa
375 760 452 792 scal
474 760 541 793 lum
564 764 654 804 913²·ae
677 760 793 792 witloer
819 759 984 804 Konunys
1006 761 1126 804 brylioe
1150 772 1190 793 oc
1209 761 1483 805 AErchibiscops,

280 833 321 854 oc
345 822 466 854 therrae
489 821 594 864 brytoe
618 821 734 854 widaer
757 821 910 861 bondan,
937 834 977 855 oc
1001 834 1072 855 swa
1095 822 1196 855 hzcaer
1221 822 1340 855 eherrae
1372 824 1418 855 sit
1441 823 1485 864 [ω

278 889 318 916 ut
342 883 412 916 lose
434 877 477 925 df
495 883 646 916 andrum.
708 883 814 915 Sitaer
839 883 986 927 Kommy
1016 885 1030 916 i
1061 884 1165 927 yar-de
1195 884 1306 916 sinum
1338 884 1483 923 siah-ar,

279 944 386 977 oelloer
409 944 652 988 AErchibiscop
683 945 698 977 i
731 946 862 986 situum,
891 945 948 978 tha
973 957 1020 978 oer
1045 945 1172 978 tholzkae
1197 945 1318 978 tkerroe
1341 958 1411 978 mer
1434 958 1484 978 aen

278 1006 399 1049 brytjoe
431 1012 506 1039 sate
536 1018 593 1039 um
625 1007 670 1049 soe
702 1008 846 1040 wardoer
876 1019 928 1040 ηις,
951 1007 1053 1040 wiliae
1077 1007 1172 1040 laloet
1205 1008 1218 1039 i
1243 1007 1326 1040 saem
1351 1008 1481 1040 therrae.

283 1067 436 1100 Cumboer
459 1079 511 1100 ηιξ
534 1069 640 1101 wadae
662 1069 677 1101 i
701 1069 772 1100 soed
795 1068 935 1108 theme,
964 1069 1021 1101 tha
1046 1081 1094 1101 oer
1118 1081 1156 1112 ey
1180 1081 1250 1101 mer
1282 1082 1333 1102 oen
1359 1070 1485 1102 thr-ialin

275 1141 373 1162 mans
406 1129 447 1162 ed
477 1130 558 1171 ofna
588 1130 788 1173 cornqjald,
828 1131 882 1163 (ho
916 1137 952 1163 at
986 1131 1039 1163 the
1072 1143 1150 1163 oerae
1181 1131 1299 1163 sialvoe
1323 1132 1360 1163 in
1382 1132 1486 1174 qarde

278 1192 403 1224 sinum.
453 1191 587 1224 Koeroer
608 1191 773 1236 Kommqs
805 1192 894 1235 bryla'
925 1193 1032 1225 aellaer
1055 1192 1316 1237 AErchibiscops
1342 1193 1485 1226 andrum

276 1254 394 1286 manni
425 1253 508 1295 ofna
540 1252 706 1294 hoendaer,
745 1260 783 1286 at
812 1253 881 1286 han
911 1254 1009 1286 havit·
1038 1256 1132 1298 qjort
1164 1260 1245 1287 atat
1276 1261 1314 1287 at
1336 1255 1484 1287 bannum

276 1325 328 1347 mz
351 1316 464 1347 sinum
485 1316 534 1358 [ιε
558 1326 598 1348 oc
621 1316 758 1357 stoefm'r
780 1315 904 1348 honum
929 1316 971 1348 til
1000 1316 1136 1360 Thinys,
1171 1316 1276 1348 aelloer
1301 1316 1342 1348 til
1364 1316 1484 1349 hoerroe

276 1388 393 1410 suune.
434 1377 561 1410 houden
592 1377 677 1410 155aeae
709 1377 782 1410 thre
813 1389 908 1410 marc
940 1377 1046 1410 aellaer
1080 1377 1152 1421 clyti
1183 1389 1236 1410 unz
1277 1378 1392 1421 tyltoer
1431 1379 1479 1411 cd.

276 1436 347 1471 cfr.
371 1438 476 1471 Andr.
501 1439 629 1472 Sunon.
653 1438 729 1472 libr.
756 1438 864 1481 ejusd.
892 1437 999 1482 Caput
1022 1439 1106 1472 VIII.
1163 1439 1200 1472 In
1221 1439 1300 1482 jure
1325 1450 1484 1483 compre-

275 1499 451 1533 hendendi
476 1499 600 1541 aliena,
626 1505 660 1532 et
682 1502 821 1544 propria
844 1489 1036 1533 redimendi
1063 1500 1222 1533 animalia
1255 1506 1288 1533 et
1311 1502 1346 1534 in
1372 1512 1482 1544 quan-

273 1562 369 1594 titate
392 1561 635 1595 satisfactionis
668 1562 725 1595 vel
750 1563 980 1594 aestimationis
1004 1562 1204 1605 praestandae
1228 1562 1284 1595 vel
1308 1563 1483 1596 sumendae

274 1623 363 1656 inter
386 1629 582 1656 exactorem
612 1623 671 1656 vel
701 1623 851 1656 villicum
881 1623 985 1667 Regis
1017 1623 1074 1656 vel
1109 1623 1270 1667 Episcopi
1304 1629 1338 1657 et
1362 1636 1483 1668 quem-

219 1723 224 1728 ³
274 1686 326 1717 vis
359 1684 462 1717 alium
493 1685 578 1718 nihil
611 1685 733 1718 differt.
793 1685 836 1718 At
870 1687 904 1718 in
929 1686 1107 1718 mansione
1139 1696 1201 1717 sua
1224 1686 1280 1718 vel
1305 1686 1400 1729 Rege
1425 1686 1480 1719 vel

273 1746 446 1790 Episcopo
472 1748 656 1788 existente,
692 1749 721 1780 si
753 1747 817 1780 sibi
851 1747 1010 1780 damnum
1043 1748 1078 1780 in
1103 1748 1172 1779 suis
1197 1749 1287 1791 agris
1317 1748 1482 1781 inferatur

274 1794 546 1841 abanimalibus
571 1810 710 1841 scientis
736 1809 865 1842 domini
892 1814 925 1842 et
947 1809 1106 1850 videntis,
1129 1810 1341 1841 aestimationi
1367 1809 1480 1842 damni

275 1869 345 1902 dati
375 1875 517 1913 propter
547 1875 775 1914 contemptam
806 1873 982 1914 praesentis
1013 1870 1117 1914 Regis
1150 1870 1205 1903 vel
1237 1871 1389 1914 praesulis
1414 1872 1481 1905 ho-

273 1931 543 1973 norificentiam,
577 1933 613 1965 in
644 1932 750 1965 tribus
775 1934 898 1965 marcis
923 1942 1136 1965 nummorum
1162 1937 1375 1975 contemptus
1400 1944 1481 1976 pre-

274 1993 356 2025 tium
396 1992 613 2036 adjungetur.
672 1994 708 2026 Si
752 2004 836 2027 vero
878 2005 961 2027 casu
987 1994 1126 2027 domino
1159 1996 1340 2038 ignorante
1379 1994 1481 2028 fuerit

274 2053 435 2087 damnum
460 2054 593 2096 datum,
619 2055 702 2088 nihil
726 2061 849 2098 praeter
872 2058 1132 2089 aestimationem
1158 2056 1271 2089 damni
1297 2056 1365 2089 dati
1390 2059 1478 2090 trino

209 2130 212 2131 ⁷
272 2115 485 2158 probandam
505 2116 713 2159 juramento,
737 2117 819 2150 licet
841 2128 990 2161 praesens
1018 2118 1091 2151 Rex
1123 2118 1179 2151 vel
1205 2120 1388 2161 episcopus
1413 2118 1480 2151 ob-

272 2177 404 2210 tinebit.
464 2178 501 2211 In
532 2178 600 2211 hoc
633 2184 744 2211 autem
776 2179 852 2212 solo
885 2185 1024 2213 exactor
1055 2180 1110 2213 vel
1135 2179 1268 2213 villicus
1292 2180 1399 2224 Regis
1423 2180 1478 2213 vel

271 2237 436 2273 Antistitis
469 2239 582 2273 differt
604 2239 647 2272 ab
674 2239 767 2273 aliis.
805 2241 897 2284 quod
921 2243 949 2274 si
974 2242 1085 2275 taliter
1108 2241 1174 2274 sibi
1200 2241 1312 2274 damni
1340 2243 1408 2274 dati
1435 2242 1478 2274 ad

272 2299 456 2333 multorum
480 2302 685 2335 audientiam
709 2303 744 2334 in
768 2301 828 2335 Jus
854 2302 986 2336 deserat
1006 2305 1272 2344 accusationem,
1299 2308 1355 2336 aut
1377 2305 1477 2336 trium

273 2372 462 2395 marcarum
486 2363 751 2397 satisfactionem
777 2364 819 2396 ab
846 2365 1041 2398 adversario
1063 2370 1185 2408 praeter
1209 2367 1476 2406 aestimationem,

271 2425 299 2456 si
325 2418 502 2457 consessus
529 2425 641 2468 suerit,
667 2431 725 2460 aut
749 2425 946 2460 duodenum
967 2427 1208 2469 juramentum,
1233 2429 1259 2460 si
1286 2429 1475 2470 negaverit,

272 2491 511 2531 consequetur.
