1712 2861
815 51 882 101 57

184 184 263 234 duo
303 196 523 247 praecepta,
570 201 738 243 quorum
778 189 942 230 alterum
981 189 1031 229 de
1075 201 1125 229 eo
1158 201 1251 229 casu
1283 190 1383 243 agit,
1424 183 1503 243 'quo

185 286 308 327 pecus
339 285 435 326 apes
465 272 660 312 deleverit
687 271 752 311 vel
783 283 878 324 apes
907 270 1101 324 pecudem
1133 270 1371 321 occiderim,
1403 272 1506 312 alte—

183 366 270 394 rum
300 354 350 394 de
381 365 452 403 eo,
501 363 580 405 quo
621 364 716 405 apes
751 352 914 404 alicujus
945 347 1147 402 evolantes
1178 351 1338 392 alterius
1369 353 1508 406 apibus

185 447 230 475 se
261 433 554 475 immiscuerint.
1042 429 1061 436 “

300 513 414 553 Prius
452 517 693 566 praeceptum
729 512 769 552 in
806 511 942 573 Capite
972 509 1074 554 38v0
1105 513 1194 553 libri
1225 509 1290 553 3tii
1324 513 1508 553 contine-

182 600 259 646 tur,
292 607 345 634 ex
375 605 454 646 quo
486 595 571 647 ejus
603 598 675 643 est,
708 594 774 646 qui
804 606 900 647 apes
931 594 1059 645 habet,
1102 606 1170 634 eas
1200 595 1252 634 ita
1283 594 1404 646 septis
1436 592 1509 633 cu-

185 676 358 726 stodire,
397 679 439 714 ut
475 674 651 727 pecudes
691 674 850 714 alterius
887 686 954 714 eas
986 675 1160 728 dejicere
1191 680 1256 715 aut
1286 675 1508 715 disturbare

186 760 405 809 nequeant,
436 755 503 795 ubi
534 755 637 794 enim
667 755 927 806 sepimentum
957 759 1035 794 tam
1064 755 1208 795 humile
1240 760 1321 805 est,
1361 761 1402 794 ut
1431 768 1510 808 pe-

186 837 308 876 cudes
340 835 529 888 apiarium
555 834 828 887 ingrediantur
853 840 970 888 atque
996 847 1091 888 apes
1116 835 1311 888 dejiciant,
1344 835 1420 875 hoc
1445 836 1511 888 ip-

186 916 267 957 sius
298 915 412 968 culpa
442 914 585 955 factum
615 915 915 956 existimandum
947 921 1007 956 est
1039 928 1114 956 nec
1136 917 1212 956 ulla
1237 916 1377 956 mulcta
1400 928 1511 969 prae-

188 986 352 1038 standaj

304 1075 527 1117 Praescribit
565 1086 688 1129 porro
728 1076 822 1116 illud
862 1081 996 1129 eaput,
1036 1082 1079 1117 ut
1116 1077 1150 1118 si
1190 1088 1313 1131 pecus
1349 1076 1511 1129 alicujus

190 1163 302 1198 extra
341 1156 530 1209 apiarium
569 1157 714 1196 aculeis
755 1169 872 1210 apum
912 1158 1098 1198 confossa
1142 1157 1282 1208 fuerit,
1331 1158 1512 1198 (lominus

189 1239 328 1279 harum
350 1249 432 1277 non
456 1241 636 1276 teneatur
643 1250 655 1285 3
687 1236 745 1277 sin
762 1250 885 1291 pecus
910 1238 1010 1279 intra
1036 1239 1223 1291 apiarium
1242 1238 1427 1278 confossa
1452 1239 1513 1287 sit,

192 1321 374 1360 damnum
403 1318 601 1358 resarcire
632 1318 914 1372 obstringatur,
945 1324 1162 1373 propterea
1194 1319 1300 1372 quod
1326 1319 1515 1372 apiarium

191 1412 273 1441 non
297 1401 404 1453 justo
435 1399 555 1439 modo
587 1399 928 1452 circumsepsitr).

307 1480 436 1521 Alium
461 1491 595 1519 casum
619 1491 740 1532 supra
765 1480 918 1520 allatum
943 1485 1093 1533 spectat
1110 1479 1205 1533 Cap.
1223 1477 1376 1531 391111111,
1409 1480 1516 1532 quod

194 1562 337 1611 sancit,
375 1565 418 1599 ut
447 1560 480 1599 si
511 1572 607 1613 apes
639 1561 801 1613 alicujus
832 1560 1026 1601 avolando
1054 1561 1213 1601 alterius
1238 1562 1377 1615 apibus
1403 1573 1516 1601 com-

194 1643 444 1691 misceantur,
475 1640 655 1681 dominus
679 1641 819 1681 harum
845 1653 948 1691 euin,
981 1642 1092 1694 cujus
1122 1642 1198 1682 illae
1223 1646 1324 1693 sunt,
1355 1642 1519 1682 testibus

193 1723 332 1763 vicinis
363 1721 578 1762 convenire
610 1722 765 1772 debeat,
799 1723 928 1775 quisi
958 1722 1131 1762 voluerit
1164 1734 1259 1775 apes
1291 1733 1519 1781 communes

195 1810 308 1854 esse,
349 1801 572 1843 communio
612 1802 671 1851 fit3
711 1803 772 1842 sin
811 1803 984 1843 noluerit
1022 1807 1139 1856 atque
1180 1815 1276 1857 apes
1316 1804 1439 1857 ipsius
1471 1803 1520 1842 ab

194 1885 263 1936 iis,
312 1885 453 1936 quibus
492 1895 537 1923 se
575 1884 891 1934 immiscuerunt,
932 1884 1074 1924 occisae
1113 1884 1279 1934 fuerint,
1334 1883 1412 1924 hoc
1445 1883 1521 1937 ipsi

249 2029 286 2072 *J
315 2030 401 2062 Heca
433 2042 506 2062 sum
530 2030 563 2062 bi
598 2030 712 2063 huroet·
735 2031 802 2064 Ιιιτη
826 2016 902 2064 scal
926 2032 1022 2074 sjaels
1043 2032 1178 2065 worthae
1204 2032 1288 2064 them
1313 2032 1399 2064 melle,
1423 2030 1523 2075 qarlla

319 2092 410 2124 hicat
441 2103 569 2124 anneus
602 2105 697 2125 mans
720 2094 765 2135 sce
788 2105 844 2126 ma
869 2094 953 2126 them
978 2094 1020 2126 aei
1044 2094 1166 2126 nitlcoer
1184 2095 1296 2126 'lmslae
1332 2105 1372 2127 oc
1397 2093 1519 2137 spilla’,

321 2166 373 2186 ren
405 2165 453 2186 cet·
487 2155 586 2198 yut-llo
617 2167 688 2187 secu.
721 2155 809 2199 laylt.
849 2162 885 2188 at
919 2168 1027 2188 annea
1065 2168 1162 2189 ηιαηε
1199 2157 1244 2198 [ω
1277 2168 1332 2188 mu
1362 2168 1479 2200 yanyae
1510 2157 1524 2188 i

320 2216 419 2258 {sarth
444 2228 484 2248 oc
508 2217 620 2260 spilloe
645 2218 730 2250 them
751 2219 838 2250 witae
863 2218 915 2250 silc
941 2218 1007 2250 (het
1031 2219 1128 2261 sjaelf
1147 2231 1186 2251 oc
1210 2219 1321 2261 sanqae
1345 2219 1431 2261 aenyi-
1456 2230 1523 2250 an—

321 2289 385 2310 nen
417 2277 481 2310 bot.
545 2279 620 2311 AEn
653 2280 807 2312 wordum·
838 2280 952 2312 nokoer
983 2292 1079 2312 vncms
1110 2282 1155 2322 [ιε
1180 2286 1323 2325 starzqoet
1350 2280 1391 2312 til
1416 2281 1524 2312 dotlaae

323 2346 403 2372 men
436 2340 579 2383 biynrlloe.
617 2342 675 2373 Ilm
707 2342 791 2374 bfitoe
823 2342 882 2374 ltin
905 2343 979 2374 ikke
1001 2344 1058 2385 fon·
1083 2343 1154 2375 Hier
1177 2343 1211 2375 ὁὶ
1234 2349 1325 2376 (ιΙιω.
1355 2354 1407 2374 «mc
1431 2354 1523 2374 *ecor-

325 2402 408 2434 {ltoer
442 2402 508 2434 ΙΙιιί
541 2409 684 2446 slanyaet
726 2405 739 2436 i
771 2404 872 2436 'eceli
905 2405 1048 2447 biyurllc.
1076 2405 1208 2449 yjaelcloe
1234 2407 1335 2447 aslaer
1360 2405 1521 2437 scutleaen.

326 2464 433 2505 son-thri
458 2471 494 2497 (ιι
519 2465 584 2497 Ιιαη,
609 2465 734 2506 basilam
760 2467 801 2498 (ei
827 2467 934 2509 lnyhoe
959 2467 1066 2509 yar-lh.
