1712 2861
51 2548 70 2555 a

757 215 789 268 ξ
827 210 907 258 20.

462 328 757 397 Praecepta
799 328 938 399 legis
982 327 1196 380 Jutieae.

306 428 378 477 De
407 429 562 476 damno
597 430 840 476 hominibus
878 431 951 477 vel
984 429 1246 475 anzimalilms
1284 428 1341 474 ab
1378 430 1486 475 ani-

166 521 354 569 malibus
391 522 508 568 clato.

281 624 484 676 Praecepta
515 623 629 676 hujus
659 623 782 676 legis,
815 623 990 675 quamvis
1022 622 1150 662 eidem
1180 623 1376 676 principio
1409 635 1487 676 ge-

166 706 292 746 nerali
321 706 612 758 superstructa,
666 703 772 756 quod
801 704 966 758 reli‘quae
996 703 1108 757 leges
1139 705 1307 756 antiquae
1338 709 1485 764 nostrae

167 787 208 825 in
245 785 320 825 hac
358 786 521 825 materia
561 784 751 837 amplexae
790 789 901 835 sunt,
946 785 1072 838 magis
1099 785 1216 836 justae
1245 795 1331 825 rem
1362 797 1485 838 spec-

165 865 271 905 tandi
301 865 444 905 rationi
475 869 638 905 eatenus
667 865 1018 917 appropinquavit,
1060 869 1254 916 quatenus
1284 865 1324 903 in
1355 876 1485 916 quan-

163 947 270 986 titate
309 956 471 996 eorum,
517 957 604 998 quae
645 945 855 985 occasione
895 944 1024 985 damni
1055 944 1103 984 ab
1135 945 1364 985 animalibus
1394 945 1485 986 illati

162 1026 386 1080 praestanda
416 1030 526 1077 sunt,
574 1025 869 1066 determinanda
899 1026 1108 1078 graviores
1138 1029 1272 1078 partes
1302 1026 1384 1079 agit
1412 1038 1484 1066 re-

161 1113 322 1161 spectus
353 1108 478 1161 cnlpae
509 1119 532 1147 a
561 1111 675 1159 parte
706 1106 855 1146 domini
885 1107 1205 1157 intervenientis,
1246 1118 1362 1159 quam
1394 1119 1483 1159 quae

161 1189 253 1229 huic
281 1189 425 1229 rationi
456 1201 508 1228 cx
538 1188 683 1228 ceteris
713 1187 870 1240 legibus
911 1198 1114 1227 concessae
1145 1191 1247 1226 sunt.
1315 1187 1402 1227 Hoc
1430 1187 1482 1227 ita

161 1281 207 1309 se
245 1269 395 1309 habere
426 1281 479 1309 ex
510 1280 561 1308 eo
592 1268 771 1320 inprimis
803 1273 988 1320 apparet,
1028 1267 1135 1320 quod
1174 1267 1357 1308 dominus
1394 1268 1483 1308 ani-

159 1349 270 1390 malis
300 1349 390 1400 feri,
421 1362 444 1390 a
475 1360 552 1402 quo
585 1348 672 1400 quis
704 1349 858 1390 occisus
890 1353 963 1399 est,
994 1348 1138 1389 eodem
1166 1348 1286 1389 modo
1311 1353 1492 1399 tenetur,

160 1442 240 1483 quo
262 1430 452 1470 ,dominus
484 1429 658 1469 animalis
688 1429 893 1479 mansveti,
923 1429 990 1469 ubi
1020 1429 1098 1469 hoc
1127 1434 1202 1480 ter,
1233 1429 1325 1470 dum
1355 1430 1395 1468 in
1415 1430 1482 1482 ip-

156 1511 239 1552 sius
271 1510 446 1550 dominio
477 1514 557 1560 est,
588 1508 788 1549 hominem
820 1509 984 1559 occidit,
1017 1509 1125 1562 quod
1154 1514 1320 1550 testatur
1349 1511 1481 1563 legem

157 1591 460 1641 existimavisse,
499 1602 602 1641 eum,
634 1590 703 1642 qui<
731 1589 870 1629 animal
899 1589 1029 1630 ferum
1059 1591 1280 1641 nutriverit,
1311 1601 1361 1631 eo
1392 1590 1481 1643 ipso

157 1683 239 1712 non
268 1672 397 1711 minus
437 1670 607 1711 debitam
638 1682 771 1711 curam
801 1670 1052 1723 neglexisse,
1084 1682 1200 1723 quam
1232 1671 1321 1723 qui,
1351 1682 1481 1724 prop-

157 1756 268 1792 terea
309 1751 417 1804 quod
457 1751 597 1791 animal
634 1755 880 1790 mansvetum
911 1752 1056 1804 saepius
1088 1752 1251 1803 occidit,
1289 1752 1480 1805 ignorare

155 1844 237 1873 non
266 1833 454 1886 potuerit,
485 1832 563 1872 hoc
592 1832 668 1872 tale
700 1843 804 1882 esse,
839 1843 862 1871 a
893 1843 971 1884 quo
1002 1831 1118 1872 facile
1149 1832 1232 1872 aliis
1262 1832 1481 1886 periculum

154 1914 365 1969 immineat,
398 1924 476 1966 quo
502 1913 653 1952 accedit
676 1911 754 1951 hoc
782 1912 922 1964 ipsum,
955 1912 1076 1964 quod,
1106 1924 1199 1952 num
1230 1914 1372 1954 animal
1398 1926 1479 1954 sae-

155 1995 244 2048 pius
274 1993 531 2044 interfecerit,
561 1993 640 2032 vim
671 1997 841 2033 exserat.

272 2075 389 2123 Quod
420 2086 510 2115 eum
542 2085 676 2113 casum
706 2073 853 2124 attinet,
885 2085 963 2126 quo
994 2073 1113 2114 homo
1145 2074 1192 2114 ab
1224 2075 1378 2115 animali
1403 2087 1478 2115 oc-

153 2155 260 2195 cisus
287 2155 353 2196 vel
382 2155 610 2195 vulneratus
642 2159 722 2205 est,
763 2154 966 2208 distinguit
994 2154 1081 2196 haec
1109 2155 1197 2206 lex,
1228 2160 1359 2196 utrum
1390 2157 1477 2196 ani-

154 2236 230 2276 mal
259 2237 335 2276 tale
366 2237 428 2286 sit,
460 2236 568 2288 quod
594 2236 684 2289 jure
714 2235 864 2276 habere
893 2236 1020 2287 liceat,
1052 2247 1102 2276 an
1133 2235 1275 2277 ferum.

271 2316 311 2357 Si
340 2327 484 2370 nempe
516 2329 642 2369 equus
669 2317 734 2356 vel
757 2317 861 2357 aliud
885 2317 1038 2368 animal,
1071 2317 1177 2370 quod
1201 2318 1350 2358 hahere
1373 2318 1476 2369 licet,

154 2385 288 2450 utputa
318 2397 414 2448 bos,
453 2409 521 2438 sus
553 2398 616 2438 vel
647 2398 775 2448 caniS,
819 2398 986 2452 aliquem
1027 2399 1216 2440 occiderit
1253 2404 1370 2452 atque
1400 2399 1478 2439 hoc

147 2478 372 2529 juramento
405 2478 677 2529 confirmatur,
717 2484 876 2519 tenetur
916 2479 1096 2521 dominus
1136 2481 1222 2533 ejus
1261 2493 1312 2522 ex
1350 2481 1475 2534 capite
