<?xml version="1.0" encoding="UTF-8"?>
<!DOCTYPE html PUBLIC "-//W3C//DTD XHTML 1.0 Transitional//EN"
    "http://www.w3.org/TR/xhtml1/DTD/xhtml1-transitional.dtd">
<html xmlns="http://www.w3.org/1999/xhtml" xml:lang="en" lang="en">
 <head>
  <title>
</title>
<meta http-equiv="Content-Type" content="text/html;charset=utf-8" />
  <meta name='ocr-system' content='tesseract 3.04.00' />
  <meta name='ocr-capabilities' content='ocr_page ocr_carea ocr_par ocr_line ocrx_word'/>
</head>
<body>
  <div class='ocr_page' id='page_1' title='image "./dedamnoabanimali00cass_0012.png"; bbox 0 0 1712 2861; ppageno 0'>
   <div class='ocr_carea' id='block_1_1' title="bbox 833 117 864 164">
    <p class='ocr_par' dir='ltr' id='par_1_1' title="bbox 833 117 864 164">
     <span class='ocr_line' id='line_1_1' title="bbox 833 117 864 164; baseline 0 0"><span class='ocrx_word' id='word_1_1' title='bbox 833 117 864 164; x_wconf 80' lang='lat'>4</span> 
     </span>
    </p>
   </div>
   <div class='ocr_carea' id='block_1_2' title="bbox 163 253 1517 1837">
    <p class='ocr_par' dir='ltr' id='par_1_2' title="bbox 163 253 1517 1837">
     <span class='ocr_line' id='line_1_2' title="bbox 193 253 1506 307; baseline -0.002 -11"><span class='ocrx_word' id='word_1_2' title='bbox 193 257 356 307; x_wconf 81' lang='lat' dir='ltr'><strong>debant,</strong></span> <span class='ocrx_word' id='word_1_3' title='bbox 395 255 600 295; x_wconf 79' lang='lat' dir='ltr'>maximam</span> <span class='ocrx_word' id='word_1_4' title='bbox 640 259 790 307; x_wconf 89' lang='lat' dir='ltr'>partem</span> <span class='ocrx_word' id='word_1_5' title='bbox 829 253 1027 305; x_wconf 83' lang='lat' dir='ltr'>infelices,</span> <span class='ocrx_word' id='word_1_6' title='bbox 1067 255 1178 307; x_wconf 90' lang='lat' dir='ltr'>cujus</span> <span class='ocrx_word' id='word_1_7' title='bbox 1216 254 1276 294; x_wconf 88' lang='lat' dir='ltr'>rei</span> <span class='ocrx_word' id='word_1_8' title='bbox 1315 265 1432 294; x_wconf 78' lang='lat' dir='ltr'>causa</span> <span class='ocrx_word' id='word_1_9' title='bbox 1466 256 1506 295; x_wconf 92' lang='lat' dir='ltr'>in</span> 
     </span>
     <span class='ocr_line' id='line_1_3' title="bbox 192 333 1508 390; baseline -0.001 -14"><span class='ocrx_word' id='word_1_10' title='bbox 192 340 375 390; x_wconf 88' lang='lat' dir='ltr'>promptu</span> <span class='ocrx_word' id='word_1_11' title='bbox 406 339 476 375; x_wconf 90' lang='lat' dir='ltr'>est.</span> <span class='ocrx_word' id='word_1_12' title='bbox 525 335 678 375; x_wconf 82' lang='lat' dir='ltr'>Nullum</span> <span class='ocrx_word' id='word_1_13' title='bbox 717 335 822 375; x_wconf 90' lang='lat' dir='ltr'>enim</span> <span class='ocrx_word' id='word_1_14' title='bbox 859 335 971 375; x_wconf 89' lang='lat' dir='ltr'>adest</span> <span class='ocrx_word' id='word_1_15' title='bbox 1007 338 1249 388; x_wconf 87' lang='lat' dir='ltr'>praeceptum</span> <span class='ocrx_word' id='word_1_16' title='bbox 1285 333 1508 388; x_wconf 73' lang='lat' dir='ltr'>immediate</span> 
     </span>
     <span class='ocr_line' id='line_1_4' title="bbox 192 413 1508 469; baseline -0.002 -13"><span class='ocrx_word' id='word_1_17' title='bbox 192 421 366 456; x_wconf 88' lang='lat' dir='ltr'>nostram</span> <span class='ocrx_word' id='word_1_18' title='bbox 404 416 606 456; x_wconf 81' lang='lat' dir='ltr'>materiam</span> <span class='ocrx_word' id='word_1_19' title='bbox 645 415 861 469; x_wconf 88' lang='lat' dir='ltr'>attingens,</span> <span class='ocrx_word' id='word_1_20' title='bbox 902 426 981 467; x_wconf 88' lang='lat' dir='ltr'>quo</span> <span class='ocrx_word' id='word_1_21' title='bbox 1021 415 1121 455; x_wconf 89' lang='lat' dir='ltr'>duce</span> <span class='ocrx_word' id='word_1_22' title='bbox 1154 415 1194 454; x_wconf 91' lang='lat' dir='ltr'>in</span> <span class='ocrx_word' id='word_1_23' title='bbox 1222 415 1376 454; x_wconf 89' lang='lat' dir='ltr'>ratione</span> <span class='ocrx_word' id='word_1_24' title='bbox 1406 413 1508 454; x_wconf 84' lang='lat' dir='ltr'>illius</span> 
     </span>
     <span class='ocr_line' id='line_1_5' title="bbox 191 493 1509 550; baseline -0.002 -14"><span class='ocrx_word' id='word_1_25' title='bbox 191 496 343 550; x_wconf 86' lang='lat' dir='ltr'>regulae</span> <span class='ocrx_word' id='word_1_26' title='bbox 373 496 646 549; x_wconf 88' lang='lat' dir='ltr'>investiganda</span> <span class='ocrx_word' id='word_1_27' title='bbox 675 496 732 535; x_wconf 92' lang='lat' dir='ltr'>uti</span> <span class='ocrx_word' id='word_1_28' title='bbox 762 496 905 546; x_wconf 82' lang='lat' dir='ltr'>licebit,</span> <span class='ocrx_word' id='word_1_29' title='bbox 936 495 974 535; x_wconf 82' lang='lat' dir='ltr'>at</span> <span class='ocrx_word' id='word_1_30' title='bbox 1004 495 1052 535; x_wconf 88' lang='lat' dir='ltr'>ad</span> <span class='ocrx_word' id='word_1_31' title='bbox 1082 494 1254 535; x_wconf 83' lang='lat' dir='ltr'>indolem</span> <span class='ocrx_word' id='word_1_32' title='bbox 1279 493 1509 547; x_wconf 83' lang='lat' dir='ltr'>generalem</span> 
     </span>
     <span class='ocr_line' id='line_1_6' title="bbox 191 574 1510 630; baseline -0.002 -13"><span class='ocrx_word' id='word_1_33' title='bbox 191 582 497 630; x_wconf 69' lang='lat' dir='ltr'>praeceptorum,</span> <span class='ocrx_word' id='word_1_34' title='bbox 528 588 631 628; x_wconf 12' lang='lat' dir='ltr'>quaep</span> <span class='ocrx_word' id='word_1_35' title='bbox 647 575 698 617; x_wconf 88' lang='lat' dir='ltr'>de</span> <span class='ocrx_word' id='word_1_36' title='bbox 729 576 858 619; x_wconf 80' lang='lat' dir='ltr'>damni</span> <span class='ocrx_word' id='word_1_37' title='bbox 883 576 1144 617; x_wconf 82' lang='lat' dir='ltr'>resarcitione</span> <span class='ocrx_word' id='word_1_38' title='bbox 1166 575 1206 615; x_wconf 92' lang='lat' dir='ltr'>in</span> <span class='ocrx_word' id='word_1_39' title='bbox 1239 574 1322 614; x_wconf 91' lang='lat' dir='ltr'>aliis</span> <span class='ocrx_word' id='word_1_40' title='bbox 1354 575 1510 615; x_wconf 84' lang='lat' dir='ltr'>casibus</span> 
     </span>
     <span class='ocr_line' id='line_1_7' title="bbox 192 655 1510 710; baseline -0.002 -13"><span class='ocrx_word' id='word_1_41' title='bbox 192 657 415 710; x_wconf 85' lang='lat' dir='ltr'>praestanda</span> <span class='ocrx_word' id='word_1_42' title='bbox 444 657 594 709; x_wconf 81' lang='lat' dir='ltr'>vigent,</span> <span class='ocrx_word' id='word_1_43' title='bbox 623 656 911 696; x_wconf 88' lang='lat' dir='ltr'>recurrendum</span> <span class='ocrx_word' id='word_1_44' title='bbox 942 660 1015 706; x_wconf 88' lang='lat' dir='ltr'>est,</span> <span class='ocrx_word' id='word_1_45' title='bbox 1046 656 1186 708; x_wconf 89' lang='lat' dir='ltr'>quibus</span> <span class='ocrx_word' id='word_1_46' title='bbox 1209 655 1421 708; x_wconf 70' lang='lat' dir='ltr'>praeceptis</span> <span class='ocrx_word' id='word_1_47' title='bbox 1444 655 1510 694; x_wconf 89' lang='lat' dir='ltr'>in-</span> 
     </span>
     <span class='ocr_line' id='line_1_8' title="bbox 193 734 1510 801; baseline -0.003 -24"><span class='ocrx_word' id='word_1_48' title='bbox 193 737 328 801; x_wconf 73' lang='lat' dir='ltr'>primis</span> <span class='ocrx_word' id='word_1_49' title='bbox 359 748 407 776; x_wconf 89' lang='lat' dir='ltr'>ea</span> <span class='ocrx_word' id='word_1_50' title='bbox 437 735 729 777; x_wconf 87' lang='lat' dir='ltr'>adnumeranda</span> <span class='ocrx_word' id='word_1_51' title='bbox 759 748 851 778; x_wconf 86' lang='lat' dir='ltr'>esse</span> <span class='ocrx_word' id='word_1_52' title='bbox 881 747 1112 787; x_wconf 86' lang='lat' dir='ltr'>censemus,</span> <span class='ocrx_word' id='word_1_53' title='bbox 1153 747 1242 789; x_wconf 80' lang='lat' dir='ltr'>quae</span> <span class='ocrx_word' id='word_1_54' title='bbox 1281 734 1333 774; x_wconf 85' lang='lat' dir='ltr'>de</span> <span class='ocrx_word' id='word_1_55' title='bbox 1368 734 1510 774; x_wconf 87' lang='lat' dir='ltr'>damno</span> 
     </span>
     <span class='ocr_line' id='line_1_9' title="bbox 194 815 1512 870; baseline -0.002 -14"><span class='ocrx_word' id='word_1_56' title='bbox 194 830 216 857; x_wconf 90' lang='lat' dir='ltr'>a</span> <span class='ocrx_word' id='word_1_57' title='bbox 246 818 374 858; x_wconf 87' lang='lat' dir='ltr'>servis</span> <span class='ocrx_word' id='word_1_58' title='bbox 403 817 506 856; x_wconf 89' lang='lat' dir='ltr'>illato</span> <span class='ocrx_word' id='word_1_59' title='bbox 539 821 680 869; x_wconf 83' lang='lat' dir='ltr'>agunt,</span> <span class='ocrx_word' id='word_1_60' title='bbox 721 817 868 870; x_wconf 82' lang='lat' dir='ltr'>quippe</span> <span class='ocrx_word' id='word_1_61' title='bbox 908 829 996 857; x_wconf 89' lang='lat' dir='ltr'>cum</span> <span class='ocrx_word' id='word_1_62' title='bbox 1035 817 1150 857; x_wconf 87' lang='lat' dir='ltr'>etiam</span> <span class='ocrx_word' id='word_1_63' title='bbox 1186 815 1395 856; x_wconf 87' lang='lat' dir='ltr'>occasione</span> <span class='ocrx_word' id='word_1_64' title='bbox 1426 815 1512 868; x_wconf 76' lang='lat' dir='ltr'>eJus</span> 
     </span>
     <span class='ocr_line' id='line_1_10' title="bbox 192 894 1512 951; baseline -0.003 -13"><span class='ocrx_word' id='word_1_65' title='bbox 192 898 346 938; x_wconf 80' lang='lat' dir='ltr'>noxalis</span> <span class='ocrx_word' id='word_1_66' title='bbox 377 897 477 937; x_wconf 92' lang='lat' dir='ltr'>actio</span> <span class='ocrx_word' id='word_1_67' title='bbox 509 909 700 937; x_wconf 88' lang='lat' dir='ltr'>concessa</span> <span class='ocrx_word' id='word_1_68' title='bbox 730 899 792 938; x_wconf 90' lang='lat' dir='ltr'>sit.</span> <span class='ocrx_word' id='word_1_69' title='bbox 845 898 932 938; x_wconf 92' lang='lat' dir='ltr'>Hoc</span> <span class='ocrx_word' id='word_1_70' title='bbox 956 897 1115 951; x_wconf 87' lang='lat' dir='ltr'>jamjam</span> <span class='ocrx_word' id='word_1_71' title='bbox 1145 900 1408 949; x_wconf 85' lang='lat' dir='ltr'>agnoverunt,</span> <span class='ocrx_word' id='word_1_72' title='bbox 1438 894 1512 935; x_wconf 90' lang='lat' dir='ltr'>sed</span> 
     </span>
     <span class='ocr_line' id='line_1_11' title="bbox 194 978 1512 1032; baseline -0.003 -14"><span class='ocrx_word' id='word_1_73' title='bbox 194 980 233 1018; x_wconf 90' lang='lat' dir='ltr'>in</span> <span class='ocrx_word' id='word_1_74' title='bbox 263 978 526 1032; x_wconf 79' lang='lat' dir='ltr'>applicatione</span> <span class='ocrx_word' id='word_1_75' title='bbox 558 978 738 1018; x_wconf 83' lang='lat' dir='ltr'>facienda</span> <span class='ocrx_word' id='word_1_76' title='bbox 768 978 986 1032; x_wconf 86' lang='lat' dir='ltr'>saepissime</span> <span class='ocrx_word' id='word_1_77' title='bbox 1015 988 1155 1031; x_wconf 87' lang='lat' dir='ltr'>parum</span> <span class='ocrx_word' id='word_1_78' title='bbox 1184 987 1382 1029; x_wconf 87' lang='lat' dir='ltr'>prospere</span> <span class='ocrx_word' id='word_1_79' title='bbox 1412 986 1512 1015; x_wconf 83' lang='lat' dir='ltr'>ver-</span> 
     </span>
     <span class='ocr_line' id='line_1_12' title="bbox 193 1057 1513 1110; baseline -0.005 -10"><span class='ocrx_word' id='word_1_80' title='bbox 193 1060 391 1100; x_wconf 88' lang='lat' dir='ltr'>sabantur.</span> <span class='ocrx_word' id='word_1_81' title='bbox 451 1059 558 1100; x_wconf 92' lang='lat' dir='ltr'>Luce</span> <span class='ocrx_word' id='word_1_82' title='bbox 589 1059 730 1101; x_wconf 90' lang='lat' dir='ltr'>clarius</span> <span class='ocrx_word' id='word_1_83' title='bbox 762 1063 843 1110; x_wconf 85' lang='lat' dir='ltr'>est,</span> <span class='ocrx_word' id='word_1_84' title='bbox 874 1070 947 1100; x_wconf 91' lang='lat' dir='ltr'>eos</span> <span class='ocrx_word' id='word_1_85' title='bbox 978 1058 1200 1108; x_wconf 87' lang='lat' dir='ltr'>erravisse,</span> <span class='ocrx_word' id='word_1_86' title='bbox 1236 1057 1324 1110; x_wconf 80' lang='lat' dir='ltr'>qui,</span> <span class='ocrx_word' id='word_1_87' title='bbox 1356 1066 1513 1096; x_wconf 88' lang='lat' dir='ltr'>causam</span> 
     </span>
     <span class='ocr_line' id='line_1_13' title="bbox 195 1138 1514 1193; baseline -0.004 -13"><span class='ocrx_word' id='word_1_88' title='bbox 195 1141 245 1180; x_wconf 93' lang='lat' dir='ltr'>ob</span> <span class='ocrx_word' id='word_1_89' title='bbox 270 1151 393 1193; x_wconf 75' lang='lat' dir='ltr'>‘quam</span> <span class='ocrx_word' id='word_1_90' title='bbox 421 1144 589 1193; x_wconf 87' lang='lat' dir='ltr'>propter</span> <span class='ocrx_word' id='word_1_91' title='bbox 627 1140 809 1180; x_wconf 89' lang='lat' dir='ltr'>damnum</span> <span class='ocrx_word' id='word_1_92' title='bbox 848 1152 870 1180; x_wconf 85' lang='lat' dir='ltr'>a</span> <span class='ocrx_word' id='word_1_93' title='bbox 904 1139 1033 1180; x_wconf 88' lang='lat' dir='ltr'>servis</span> <span class='ocrx_word' id='word_1_94' title='bbox 1072 1138 1202 1179; x_wconf 83' lang='lat' dir='ltr'>(latum</span> <span class='ocrx_word' id='word_1_95' title='bbox 1241 1138 1343 1178; x_wconf 75' lang='lat' dir='ltr'>actio</span> <span class='ocrx_word' id='word_1_96' title='bbox 1381 1148 1514 1176; x_wconf 81' lang='lat' dir='ltr'>noxa-</span> 
     </span>
     <span class='ocr_line' id='line_1_14' title="bbox 193 1217 1514 1273; baseline -0.004 -13"><span class='ocrx_word' id='word_1_97' title='bbox 193 1221 240 1261; x_wconf 89' lang='lat' dir='ltr'>lis</span> <span class='ocrx_word' id='word_1_98' title='bbox 278 1220 433 1260; x_wconf 89' lang='lat' dir='ltr'>inducta</span> <span class='ocrx_word' id='word_1_99' title='bbox 471 1220 520 1260; x_wconf 88' lang='lat' dir='ltr'>sit</span> <span class='ocrx_word' id='word_1_100' title='bbox 557 1221 863 1273; x_wconf 80' lang='lat' dir='ltr'>investigantes,</span> <span class='ocrx_word' id='word_1_101' title='bbox 911 1220 952 1260; x_wconf 94' lang='lat' dir='ltr'>in</span> <span class='ocrx_word' id='word_1_102' title='bbox 981 1220 1047 1259; x_wconf 91' lang='lat' dir='ltr'>illo</span> <span class='ocrx_word' id='word_1_103' title='bbox 1088 1219 1191 1259; x_wconf 91' lang='lat' dir='ltr'>dicto</span> <span class='ocrx_word' id='word_1_104' title='bbox 1228 1217 1514 1259; x_wconf 76' lang='lat' dir='ltr'>Institutionum</span> 
     </span>
     <span class='ocr_line' id='line_1_15' title="bbox 195 1299 1514 1353; baseline -0.003 -13"><span class='ocrx_word' id='word_1_105' title='bbox 195 1301 456 1340; x_wconf 88' lang='lat' dir='ltr'>substiterint:</span> <span class='ocrx_word' id='word_1_106' title='bbox 488 1301 668 1353; x_wconf 75' lang='lat' dir='ltr'>„Summa</span> <span class='ocrx_word' id='word_1_107' title='bbox 698 1306 826 1341; x_wconf 90' lang='lat' dir='ltr'>autem</span> <span class='ocrx_word' id='word_1_108' title='bbox 856 1301 1010 1341; x_wconf 89' lang='lat' dir='ltr'>ratione</span> <span class='ocrx_word' id='word_1_109' title='bbox 1040 1299 1276 1353; x_wconf 90' lang='lat' dir='ltr'>permissum</span> <span class='ocrx_word' id='word_1_110' title='bbox 1307 1301 1368 1337; x_wconf 87' lang='lat' dir='ltr'>est</span> <span class='ocrx_word' id='word_1_111' title='bbox 1395 1307 1514 1336; x_wconf 84' lang='lat' dir='ltr'>noxae</span> 
     </span>
     <span class='ocr_line' id='line_1_16' title="bbox 196 1378 1514 1434; baseline -0.004 -12"><span class='ocrx_word' id='word_1_112' title='bbox 196 1382 436 1423; x_wconf 89' lang='lat' dir='ltr'>deditionem</span> <span class='ocrx_word' id='word_1_113' title='bbox 465 1380 591 1434; x_wconf 83' lang='lat' dir='ltr'>fungi.</span> <span class='ocrx_word' id='word_1_114' title='bbox 650 1381 829 1434; x_wconf 88' lang='lat' dir='ltr'>Namque</span> <span class='ocrx_word' id='word_1_115' title='bbox 859 1385 945 1421; x_wconf 86' lang='lat' dir='ltr'>erat</span> <span class='ocrx_word' id='word_1_116' title='bbox 973 1380 1162 1433; x_wconf 84' lang='lat' dir='ltr'>iniquum,</span> <span class='ocrx_word' id='word_1_117' title='bbox 1194 1378 1407 1432; x_wconf 86' lang='lat' dir='ltr'>nequitiam</span> <span class='ocrx_word' id='word_1_118' title='bbox 1437 1388 1514 1417; x_wconf 87' lang='lat' dir='ltr'>eo-</span> 
     </span>
     <span class='ocr_line' id='line_1_17' title="bbox 195 1459 1513 1515; baseline -0.003 -13"><span class='ocrx_word' id='word_1_119' title='bbox 195 1475 282 1503; x_wconf 91' lang='lat' dir='ltr'>rum</span> <span class='ocrx_word' id='word_1_120' title='bbox 320 1463 420 1502; x_wconf 88' lang='lat' dir='ltr'>ultra</span> <span class='ocrx_word' id='word_1_121' title='bbox 458 1462 636 1515; x_wconf 89' lang='lat' dir='ltr'>ipsorum</span> <span class='ocrx_word' id='word_1_122' title='bbox 675 1473 846 1514; x_wconf 87' lang='lat' dir='ltr'>corpora</span> <span class='ocrx_word' id='word_1_123' title='bbox 882 1461 1051 1501; x_wconf 91' lang='lat' dir='ltr'>dominis</span> <span class='ocrx_word' id='word_1_124' title='bbox 1081 1460 1308 1501; x_wconf 89' lang='lat' dir='ltr'>damnosam</span> <span class='ocrx_word' id='word_1_125' title='bbox 1339 1459 1513 1507; x_wconf 51' lang='lat' dir='ltr'>esseW]</span> 
     </span>
     <span class='ocr_line' id='line_1_18' title="bbox 196 1540 1515 1596; baseline -0.003 -13"><span class='ocrx_word' id='word_1_126' title='bbox 196 1548 313 1596; x_wconf 87' lang='lat' dir='ltr'>atque</span> <span class='ocrx_word' id='word_1_127' title='bbox 337 1543 414 1583; x_wconf 90' lang='lat' dir='ltr'>hoc</span> <span class='ocrx_word' id='word_1_128' title='bbox 439 1543 582 1582; x_wconf 89' lang='lat' dir='ltr'>dictum</span> <span class='ocrx_word' id='word_1_129' title='bbox 611 1554 687 1596; x_wconf 87' lang='lat' dir='ltr'>per</span> <span class='ocrx_word' id='word_1_130' title='bbox 716 1542 936 1595; x_wconf 83' lang='lat' dir='ltr'>analogiam</span> <span class='ocrx_word' id='word_1_131' title='bbox 967 1542 1184 1581; x_wconf 89' lang='lat' dir='ltr'>actionibus</span> <span class='ocrx_word' id='word_1_132' title='bbox 1207 1540 1415 1580; x_wconf 85' lang='lat' dir='ltr'>noxalibus</span> <span class='ocrx_word' id='word_1_133' title='bbox 1440 1550 1515 1579; x_wconf 82' lang='lat' dir='ltr'>oc·-</span> 
     </span>
     <span class='ocr_line' id='line_1_19' title="bbox 163 1621 1516 1674; baseline -0.003 -10"><span class='ocrx_word' id='word_1_134' title='bbox 163 1629 173 1633; x_wconf 77' lang='lat'><strong><em>‘</em></strong></span> <span class='ocrx_word' id='word_1_135' title='bbox 197 1625 356 1665; x_wconf 89' lang='lat' dir='ltr'>casione</span> <span class='ocrx_word' id='word_1_136' title='bbox 387 1623 516 1664; x_wconf 84' lang='lat' dir='ltr'>damni</span> <span class='ocrx_word' id='word_1_137' title='bbox 547 1623 594 1663; x_wconf 90' lang='lat' dir='ltr'>ab</span> <span class='ocrx_word' id='word_1_138' title='bbox 627 1622 855 1663; x_wconf 88' lang='lat' dir='ltr'>animalibus</span> <span class='ocrx_word' id='word_1_139' title='bbox 886 1622 964 1663; x_wconf 85' lang='lat' dir='ltr'>dati</span> <span class='ocrx_word' id='word_1_140' title='bbox 999 1622 1129 1662; x_wconf 89' lang='lat' dir='ltr'>lucem</span> <span class='ocrx_word' id='word_1_141' title='bbox 1168 1621 1313 1661; x_wconf 83' lang='lat' dir='ltr'>afferre</span> <span class='ocrx_word' id='word_1_142' title='bbox 1343 1624 1516 1674; x_wconf 83' lang='lat' dir='ltr'>putave-</span> 
     </span>
     <span class='ocr_line' id='line_1_20' title="bbox 196 1702 1516 1758; baseline -0.003 -13"><span class='ocrx_word' id='word_1_143' title='bbox 196 1706 292 1754; x_wconf 82' lang='lat' dir='ltr'>rint3</span> <span class='ocrx_word' id='word_1_144' title='bbox 331 1704 586 1758; x_wconf 84' lang='lat' dir='ltr'>perspicuum</span> <span class='ocrx_word' id='word_1_145' title='bbox 625 1703 727 1744; x_wconf 89' lang='lat' dir='ltr'>enim</span> <span class='ocrx_word' id='word_1_146' title='bbox 767 1707 827 1743; x_wconf 87' lang='lat' dir='ltr'>est</span> <span class='ocrx_word' id='word_1_147' title='bbox 863 1702 926 1742; x_wconf 91' lang='lat' dir='ltr'>illa</span> <span class='ocrx_word' id='word_1_148' title='bbox 955 1702 1079 1743; x_wconf 89' lang='lat' dir='ltr'>verba</span> <span class='ocrx_word' id='word_1_149' title='bbox 1107 1702 1395 1743; x_wconf 88' lang='lat' dir='ltr'>Institutionum</span> <span class='ocrx_word' id='word_1_150' title='bbox 1425 1712 1516 1740; x_wconf 92' lang='lat' dir='ltr'>om-</span> 
     </span>
     <span class='ocr_line' id='line_1_21' title="bbox 196 1764 1517 1837; baseline -0.002 -13"><span class='ocrx_word' id='word_1_151' title='bbox 196 1787 289 1826; x_wconf 86' lang='lat' dir='ltr'>nino</span> <span class='ocrx_word' id='word_1_152' title='bbox 314 1785 410 1825; x_wconf 89' lang='lat' dir='ltr'>nihil</span> <span class='ocrx_word' id='word_1_153' title='bbox 435 1785 536 1824; x_wconf 82' lang='lat' dir='ltr'>circa</span> <span class='ocrx_word' id='word_1_154' title='bbox 562 1797 649 1824; x_wconf 87' lang='lat' dir='ltr'>eam</span> <span class='ocrx_word' id='word_1_155' title='bbox 672 1783 733 1824; x_wconf 88' lang='lat' dir='ltr'>rei</span> <span class='ocrx_word' id='word_1_156' title='bbox 757 1783 983 1837; x_wconf 84' lang='lat' dir='ltr'>spectandae</span> <span class='ocrx_word' id='word_1_157' title='bbox 1016 1764 1209 1824; x_wconf 89' lang='lat' dir='ltr'>rationem</span> <span class='ocrx_word' id='word_1_158' title='bbox 1234 1782 1396 1833; x_wconf 88' lang='lat' dir='ltr'>docere,</span> <span class='ocrx_word' id='word_1_159' title='bbox 1427 1792 1517 1834; x_wconf 83' lang='lat' dir='ltr'>quae</span> 
     </span>
    </p>
   </div>
   <div class='ocr_carea' id='block_1_3' title="bbox 243 1941 1518 2484">
    <p class='ocr_par' dir='ltr' id='par_1_3' title="bbox 243 1941 1518 2484">
     <span class='ocr_line' id='line_1_22' title="bbox 243 1941 1516 1989; baseline -0.003 -10"><span class='ocrx_word' id='word_1_160' title='bbox 243 1947 281 1989; x_wconf 71' lang='lat'><strong>-:·.-)</strong></span> <span class='ocrx_word' id='word_1_161' title='bbox 315 1947 339 1988; x_wconf 58' lang='grc' dir='ltr'><strong>ς</strong></span> <span class='ocrx_word' id='word_1_162' title='bbox 373 1945 405 1979; x_wconf 81' lang='lat'>2.</span> <span class='ocrx_word' id='word_1_163' title='bbox 440 1945 464 1978; x_wconf 94' lang='grc' dir='ltr'>Ι.</span> <span class='ocrx_word' id='word_1_164' title='bbox 499 1945 540 1978; x_wconf 83' lang='lat' dir='ltr'>de</span> <span class='ocrx_word' id='word_1_165' title='bbox 573 1945 686 1978; x_wconf 83' lang='lat' dir='ltr'>noxal.</span> <span class='ocrx_word' id='word_1_166' title='bbox 713 1949 777 1978; x_wconf 85' lang='lat' dir='ltr'>act.</span> <span class='ocrx_word' id='word_1_167' title='bbox 812 1944 886 1988; x_wconf 76' lang='lat' dir='ltr'>(tv,</span> <span class='ocrx_word' id='word_1_168' title='bbox 910 1943 951 1987; x_wconf 87' lang='grc'>8)</span> <span class='ocrx_word' id='word_1_169' title='bbox 978 1944 1038 1978; x_wconf 84' lang='lat' dir='ltr'>cfr.</span> <span class='ocrx_word' id='word_1_170' title='bbox 1064 1944 1086 1978; x_wconf 88' lang='lat' dir='ltr'>l.</span> <span class='ocrx_word' id='word_1_171' title='bbox 1111 1942 1144 1978; x_wconf 88' lang='grc'>2.</span> <span class='ocrx_word' id='word_1_172' title='bbox 1169 1955 1219 1988; x_wconf 90' lang='lat' dir='ltr'>pr.</span> <span class='ocrx_word' id='word_1_173' title='bbox 1266 1942 1307 1977; x_wconf 90' lang='lat' dir='ltr'>D.</span> <span class='ocrx_word' id='word_1_174' title='bbox 1334 1943 1377 1976; x_wconf 86' lang='lat' dir='ltr'>de</span> <span class='ocrx_word' id='word_1_175' title='bbox 1401 1941 1516 1976; x_wconf 84' lang='lat' dir='ltr'>noxal.</span> 
     </span>
     <span class='ocr_line' id='line_1_23' title="bbox 314 2004 1518 2050; baseline -0.004 -8"><span class='ocrx_word' id='word_1_176' title='bbox 314 2014 376 2042; x_wconf 83' lang='lat' dir='ltr'>act.</span> <span class='ocrx_word' id='word_1_177' title='bbox 412 2007 486 2050; x_wconf 80' lang='lat' dir='ltr'>(lx,</span> <span class='ocrx_word' id='word_1_178' title='bbox 511 2006 552 2050; x_wconf 78' lang='lat'>4)</span> <span class='ocrx_word' id='word_1_179' title='bbox 586 2007 639 2050; x_wconf 85' lang='lat' dir='ltr'>„Si</span> <span class='ocrx_word' id='word_1_180' title='bbox 672 2018 789 2040; x_wconf 87' lang='lat' dir='ltr'>servus</span> <span class='ocrx_word' id='word_1_181' title='bbox 815 2009 945 2040; x_wconf 87' lang='lat' dir='ltr'>sciente</span> <span class='ocrx_word' id='word_1_182' title='bbox 971 2006 1109 2040; x_wconf 88' lang='lat' dir='ltr'>domino</span> <span class='ocrx_word' id='word_1_183' title='bbox 1135 2005 1274 2048; x_wconf 84' lang='lat' dir='ltr'>occidit,</span> <span class='ocrx_word' id='word_1_184' title='bbox 1309 2006 1345 2038; x_wconf 91' lang='lat' dir='ltr'>in</span> <span class='ocrx_word' id='word_1_185' title='bbox 1369 2004 1518 2038; x_wconf 80' lang='lat' dir='ltr'>solidum</span> 
     </span>
     <span class='ocr_line' id='line_1_24' title="bbox 315 2066 1517 2113; baseline -0.002 -11"><span class='ocrx_word' id='word_1_186' title='bbox 315 2071 488 2103; x_wconf 82' lang='lat' dir='ltr'>dominum</span> <span class='ocrx_word' id='word_1_187' title='bbox 514 2069 665 2113; x_wconf 86' lang='lat' dir='ltr'>obligat,</span> <span class='ocrx_word' id='word_1_188' title='bbox 696 2071 770 2112; x_wconf 89' lang='lat' dir='ltr'>ipse</span> <span class='ocrx_word' id='word_1_189' title='bbox 803 2071 892 2102; x_wconf 82' lang='lat' dir='ltr'>euim</span> <span class='ocrx_word' id='word_1_190' title='bbox 924 2068 1059 2102; x_wconf 83' lang='lat' dir='ltr'>videtur</span> <span class='ocrx_word' id='word_1_191' title='bbox 1087 2068 1243 2101; x_wconf 82' lang='lat' dir='ltr'>dominus</span> <span class='ocrx_word' id='word_1_192' title='bbox 1268 2066 1456 2107; x_wconf 84' lang='lat' dir='ltr'>occidisse,</span> <span class='ocrx_word' id='word_1_193' title='bbox 1488 2066 1517 2099; x_wconf 87' lang='lat' dir='ltr'>si</span> 
     </span>
     <span class='ocr_line' id='line_1_25' title="bbox 315 2127 1515 2173; baseline -0.003 -9"><span class='ocrx_word' id='word_1_194' title='bbox 315 2137 427 2164; x_wconf 87' lang='lat' dir='ltr'>autem</span> <span class='ocrx_word' id='word_1_195' title='bbox 451 2133 629 2173; x_wconf 86' lang='lat' dir='ltr'>insciente,</span> <span class='ocrx_word' id='word_1_196' title='bbox 653 2130 786 2164; x_wconf 83' lang='lat' dir='ltr'>noxalis</span> <span class='ocrx_word' id='word_1_197' title='bbox 813 2135 879 2163; x_wconf 81' lang='lat' dir='ltr'>est:</span> <span class='ocrx_word' id='word_1_198' title='bbox 912 2141 978 2163; x_wconf 86' lang='lat' dir='ltr'>nec</span> <span class='ocrx_word' id='word_1_199' title='bbox 1012 2131 1103 2163; x_wconf 87' lang='lat' dir='ltr'>enim</span> <span class='ocrx_word' id='word_1_200' title='bbox 1137 2129 1255 2162; x_wconf 79' lang='lat' dir='ltr'>debuit</span> <span class='ocrx_word' id='word_1_201' title='bbox 1279 2139 1321 2161; x_wconf 83' lang='lat' dir='ltr'>ex</span> <span class='ocrx_word' id='word_1_202' title='bbox 1345 2127 1515 2160; x_wconf 85' lang='lat' dir='ltr'>maleficio</span> 
     </span>
     <span class='ocr_line' id='line_1_26' title="bbox 314 2187 1516 2237; baseline -0.004 -10"><span class='ocrx_word' id='word_1_203' title='bbox 314 2196 403 2227; x_wconf 78' lang='lat' dir='ltr'>servi</span> <span class='ocrx_word' id='word_1_204' title='bbox 427 2195 461 2226; x_wconf 92' lang='lat' dir='ltr'>in</span> <span class='ocrx_word' id='word_1_205' title='bbox 486 2193 561 2237; x_wconf 88' lang='lat' dir='ltr'>plus</span> <span class='ocrx_word' id='word_1_206' title='bbox 585 2194 714 2234; x_wconf 81' lang='lat' dir='ltr'>teneri,</span> <span class='ocrx_word' id='word_1_207' title='bbox 748 2203 847 2236; x_wconf 83' lang='lat' dir='ltr'>quam</span> <span class='ocrx_word' id='word_1_208' title='bbox 873 2197 908 2225; x_wconf 84' lang='lat' dir='ltr'>ut</span> <span class='ocrx_word' id='word_1_209' title='bbox 932 2202 1031 2225; x_wconf 84' lang='lat' dir='ltr'>noxae</span> <span class='ocrx_word' id='word_1_210' title='bbox 1060 2202 1137 2224; x_wconf 89' lang='lat' dir='ltr'>eum</span> <span class='ocrx_word' id='word_1_211' title='bbox 1163 2190 1284 2223; x_wconf 78' lang='lat' dir='ltr'>dedat“</span> <span class='ocrx_word' id='word_1_212' title='bbox 1309 2195 1410 2234; x_wconf 83' lang='lat' dir='ltr'>atque</span> <span class='ocrx_word' id='word_1_213' title='bbox 1435 2189 1457 2223; x_wconf 92' lang='lat' dir='ltr'>l.</span> <span class='ocrx_word' id='word_1_214' title='bbox 1482 2187 1516 2222; x_wconf 88' lang='grc'>2.</span> 
     </span>
     <span class='ocr_line' id='line_1_27' title="bbox 313 2249 1518 2299; baseline -0.004 -11"><span class='ocrx_word' id='word_1_215' title='bbox 313 2255 353 2289; x_wconf 93' lang='lat' dir='ltr'>D.</span> <span class='ocrx_word' id='word_1_216' title='bbox 381 2255 424 2288; x_wconf 87' lang='lat' dir='ltr'>de</span> <span class='ocrx_word' id='word_1_217' title='bbox 450 2266 517 2296; x_wconf 90' lang='lat' dir='ltr'>eo.,</span> <span class='ocrx_word' id='word_1_218' title='bbox 549 2265 612 2298; x_wconf 85' lang='lat' dir='ltr'>per</span> <span class='ocrx_word' id='word_1_219' title='bbox 643 2265 743 2299; x_wconf 91' lang='lat' dir='ltr'>quem</span> <span class='ocrx_word' id='word_1_220' title='bbox 768 2255 845 2287; x_wconf 83' lang='lat' dir='ltr'>fact.</span> <span class='ocrx_word' id='word_1_221' title='bbox 873 2254 932 2296; x_wconf 86' lang='grc' dir='ltr'>(Π,</span> <span class='ocrx_word' id='word_1_222' title='bbox 958 2251 1020 2295; x_wconf 86' lang='grc'>10)</span> <span class='ocrx_word' id='word_1_223' title='bbox 1047 2272 1090 2276; x_wconf 90' lang='grc'><strong>-</strong></span> <span class='ocrx_word' id='word_1_224' title='bbox 1116 2253 1166 2295; x_wconf 90' lang='lat' dir='ltr'>„si</span> <span class='ocrx_word' id='word_1_225' title='bbox 1184 2262 1268 2285; x_wconf 71' lang='lat' dir='ltr'>vero</span> <span class='ocrx_word' id='word_1_226' title='bbox 1294 2253 1368 2284; x_wconf 87' lang='lat' dir='ltr'>sine</span> <span class='ocrx_word' id='word_1_227' title='bbox 1391 2249 1518 2284; x_wconf 85' lang='lat' dir='ltr'>voluu-</span> 
     </span>
     <span class='ocr_line' id='line_1_28' title="bbox 316 2312 1517 2356; baseline -0.004 -6"><span class='ocrx_word' id='word_1_228' title='bbox 316 2324 383 2351; x_wconf 88' lang='lat' dir='ltr'>tate</span> <span class='ocrx_word' id='word_1_229' title='bbox 416 2317 544 2350; x_wconf 89' lang='lat' dir='ltr'>domini</span> <span class='ocrx_word' id='word_1_230' title='bbox 577 2327 694 2350; x_wconf 80' lang='lat' dir='ltr'>servus</span> <span class='ocrx_word' id='word_1_231' title='bbox 719 2316 786 2350; x_wconf 92' lang='lat' dir='ltr'>hoc</span> <span class='ocrx_word' id='word_1_232' title='bbox 821 2317 958 2349; x_wconf 82' lang='lat' dir='ltr'>fecerit:</span> <span class='ocrx_word' id='word_1_233' title='bbox 1007 2314 1152 2349; x_wconf 84' lang='lat' dir='ltr'>Sabinus</span> <span class='ocrx_word' id='word_1_234' title='bbox 1190 2313 1316 2347; x_wconf 83' lang='lat' dir='ltr'>noxale</span> <span class='ocrx_word' id='word_1_235' title='bbox 1347 2312 1517 2356; x_wconf 85' lang='lat' dir='ltr'>judicium</span> 
     </span>
     <span class='ocr_line' id='line_1_29' title="bbox 317 2374 1516 2421; baseline -0.004 -10"><span class='ocrx_word' id='word_1_236' title='bbox 317 2379 463 2412; x_wconf 75' lang='lat' dir='ltr'>«landum</span> <span class='ocrx_word' id='word_1_237' title='bbox 491 2381 553 2421; x_wconf 76' lang='lat' dir='ltr'>ait,</span> <span class='ocrx_word' id='word_1_238' title='bbox 586 2390 650 2412; x_wconf 86' lang='lat' dir='ltr'>nec</span> <span class='ocrx_word' id='word_1_239' title='bbox 683 2379 809 2412; x_wconf 86' lang='lat' dir='ltr'>sactum</span> <span class='ocrx_word' id='word_1_240' title='bbox 840 2378 929 2411; x_wconf 80' lang='lat' dir='ltr'>servi</span> <span class='ocrx_word' id='word_1_241' title='bbox 956 2377 1094 2410; x_wconf 87' lang='lat' dir='ltr'>domino</span> <span class='ocrx_word' id='word_1_242' title='bbox 1122 2376 1245 2410; x_wconf 85' lang='lat' dir='ltr'>obesse</span> <span class='ocrx_word' id='word_1_243' title='bbox 1272 2375 1419 2417; x_wconf 82' lang='lat' dir='ltr'>debere,</span> <span class='ocrx_word' id='word_1_244' title='bbox 1451 2374 1516 2408; x_wconf 88' lang='lat' dir='ltr'>nisi</span> 
     </span>
     <span class='ocr_line' id='line_1_30' title="bbox 318 2436 1376 2484; baseline -0.004 -10"><span class='ocrx_word' id='word_1_245' title='bbox 318 2442 490 2481; x_wconf 76' lang='lat' dir='ltr'>hactenus,</span> <span class='ocrx_word' id='word_1_246' title='bbox 517 2447 550 2474; x_wconf 81' lang='lat' dir='ltr'>ut</span> <span class='ocrx_word' id='word_1_247' title='bbox 575 2443 648 2484; x_wconf 84' lang='lat' dir='ltr'>ipso</span> <span class='ocrx_word' id='word_1_248' title='bbox 675 2445 801 2483; x_wconf 84' lang='lat' dir='ltr'>careat,</span> <span class='ocrx_word' id='word_1_249' title='bbox 836 2439 971 2484; x_wconf 85' lang='lat' dir='ltr'>quando</span> <span class='ocrx_word' id='word_1_250' title='bbox 997 2440 1070 2482; x_wconf 85' lang='lat' dir='ltr'>ipse</span> <span class='ocrx_word' id='word_1_251' title='bbox 1095 2438 1178 2472; x_wconf 88' lang='lat' dir='ltr'>nihil</span> <span class='ocrx_word' id='word_1_252' title='bbox 1205 2436 1376 2482; x_wconf 83' lang='lat' dir='ltr'>deliquit.“</span> 
     </span>
    </p>
   </div>
  </div>
 </body>
</html>
