1712 2861
784 95 851 148 67

147 234 274 276 minus
298 234 454 289 plenam
485 232 784 276 resarcitionem
809 232 1001 282 tribuere,
1033 244 1148 285 quam
1168 228 1348 281 6-7-10,
1378 242 1466 273 cum

145 315 249 354 enim
279 314 519 355 mentionem
549 325 629 355 non
659 312 775 355 faciat
798 314 884 367 eJus
907 313 1170 366 praestationis
1194 312 1468 355 alimentorum

144 400 261 448 atque
291 394 558 437 resarcitionis
590 393 812 437 detrimenti
844 394 1110 443 oeconomici,
1155 405 1270 445 quam
1303 389 1468 432 6-7-10

145 476 308 525 addicit,
338 475 433 516 satis
465 473 633 516 dilucide
663 475 839 514 indicare
870 474 1048 525 videtur,
1087 474 1203 514 talem
1233 473 1363 514 locum
1393 473 1469 512 ha-

145 556 311 597 bituram
348 566 430 597 non
469 566 591 605 esse„
624 567 712 609 quae
751 555 966 605 sententia,
1004 559 1048 593 ut
1084 558 1219 595 monet
1258 544 1468 603 ὐιέῐεᾱῤ)

145 648 227 678 non
264 637 392 677 minus
431 647 481 676 eo
520 635 795 686 confirmatur,
837 635 944 690 quod
982 634 1212 684 resarcitio,
1253 646 1369 687 quam
1404 633 1471 673 lex

146 717 198 757 ob
237 717 419 759 damnum
458 717 508 759 ab
549 717 780 759 animalibus
818 717 963 759 illatum
1001 702 1220 766 constituit,
1271 713 1472 754 ordinarie

146 798 261 854 plena
292 809 372 839 non
404 802 475 848 est,
509 809 623 851 quam
655 809 719 849 eo,
751 797 859 850 quod
892 791 1058 839 6-10-·2
1091 796 1248 837 Codicis
1276 795 1471 835 Christia-

145 879 211 920 nei
240 878 458 930 Norvegiei
488 878 638 931 adjicit:
685 877 775 928 „Qu
804 876 942 926 -Dunb,
983 878 1061 930 [om
1102 876 1218 930 babet
1253 875 1355 929 gjnrt
1384 875 1472 926 faa:

147 960 225 1002 ban
265 958 418 1006 &taber
460 969 508 1011 og
549 957 666 1010 babet
705 957 819 999 Qum·
858 957 994 1006 bertil,
1036 957 1105 1010 {tul
1144 958 1187 1009 uf
1215 956 1474 1000 [iiermanben

147 1038 222 1091 5er
255 1038 472 1092 obeloeggee
483 1051 496 1091 3
536 1038 622 1092 libia
655 1039 719 1080 bet
751 1037 783 1079 ei
815 1038 925 1092 §tectu
959 1038 1010 1081 ba
1042 1048 1142 1080 mere
1171 1036 1249 1091 ban
1279 1037 1474 1089 fot-famen

148 1118 193 1161 til
223 1118 350 1173 batere
380 1119 538 1168 ffiober,
575 1130 674 1160 naar
705 1117 873 1167 Spunbett
905 1120 1003 1161 atter
1035 1117 1120 1173 giler
1151 1117 1312 1168 &turen
1343 1116 1474 1169 majo-

146 1212 214 1242 res
245 1201 350 1241 enim
379 1200 554 1250 mulctae,
594 1211 690 1255 quas
730 1200 911 1243 dominus
951 1199 1059 1241 canis
1104 1198 1263 1240 solvere
1302 1202 1474 1248 tenetur,

147 1280 366 1322 secundum
405 1293 496 1321 eum
535 1292 701 1331 nexum,
740 1282 780 1323 in
821 1292 899 1333 quo
939 1281 1016 1321 hoc
1054 1284 1296 1334 praeceptum
1330 1279 1381 1319 ad
1412 1290 1473 1328 ea,

148 1372 237 1416 quae
267 1360 526 1411 antecedunt,
564 1362 737 1412 sistitur,
776 1374 857 1402 non
889 1362 964 1402 nisi
996 1362 1045 1402 ad
1072 1374 1144 1412 ea,
1186 1372 1274 1414 quae
1308 1364 1475 1413 propter

148 1440 440 1483 deformitatem
467 1442 660 1484 solvenda
691 1447 792 1493 sunt,
823 1448 1010 1496 spectare
1041 1443 1156 1482 statui
1186 1446 1365 1494 possunt.

263 1521 484 1571 Anomalia‚
517 1533 605 1574 quae
632 1535 684 1563 ex
712 1524 1009 1576 comparatione
1025 1523 1126 1563 sacta
1142 1522 1295 1562 articuli
1312 1519 1477 1562 6-10-2

148 1613 238 1641 cum
270 1598 434 1642 6-7-10
468 1607 632 1643 eatenus
661 1604 941 1659 progreditur,
981 1608 1174 1658 quatenus
1211 1603 1277 1644 ille
1306 1608 1477 1656 praesta-

148 1682 297 1724 tionem
335 1683 602 1735 pecuniariam
643 1684 694 1725 ob
735 1684 1025 1726 deformitatem
1063 1684 1251 1737 injungit,
1296 1696 1385 1738 quae
1426 1696 1478 1724 ex

148 1768 287 1804 natura
315 1774 389 1805 sua
420 1764 602 1807 damnum
633 1765 904 1807 inaestimabile
935 1765 1131 1815 continet,
1174 1777 1255 1806 non
1293 1776 1393 1805 vero
1427 1764 1478 1804 ob

147 1844 425 1886 detrimentum
456 1846 779 1896 oeconomicum,
811 1857 892 1887 non
920 1846 1008 1888 sola
1038 1846 1079 1888 in
1108 1845 1182 1886 hac
1210 1846 1374 1887 materia
1405 1857 1479 1885 oc-

148 1925 290 1974 currit3
321 1926 424 1967 inest
453 1926 592 1965 similis
625 1926 805 1978 quaedam
836 1926 876 1966 in
907 1937 972 1976 eo,
1004 1926 1111 1981 quod
1143 1923 1308 1969 6-10-2
1339 1938 1480 1968 resar-

149 2006 334 2046 citionem
365 2011 529 2048 eatenus
559 2006 782 2061 pleniorem
813 2006 976 2048 admittit
1016 2019 1132 2062 quam
1167 2003 1346 2057 6-11-2,
1378 2018 1480 2059 qua-

148 2093 264 2130 tenus
296 2100 349 2128 ex
378 2088 455 2128 hoc
483 2088 532 2138 is,
569 2088 635 2142 qui
667 2087 831 2143 culpose
857 2087 1296 2140 aliquem-vulneravit,
1328 2087 1377 2128 ad
1407 2099 1481 2127 so-

148 2174 273 2211 strum
310 2168 544 2211 solvendum
583 2172 743 2211 tenetur
782 2172 900 2220 atque
950 2168 1000 2208 ad
1039 2169 1220 2209 alimenta
1257 2168 1482 2222 praestanda

149 2261 277 2301 usque
316 2249 408 2289 dum
449 2249 567 2292 laesus
607 2248 919 2299 reconvaluerit,
969 2250 1016 2290 ab
1060 2249 1134 2290 alia
1171 2255 1303 2291 autem
1341 2250 1481 2291 mulcta

149 2331 329 2371 immunis
362 2334 435 2380 est,
475 2341 564 2385 quae
596 2329 788 2370 anomalia
820 2342 898 2386 quo
929 2330 1058 2370 minus
1090 2330 1249 2377 tollatur
1280 2330 1482 2384 interpre-

196 2441 238 2484 ἐξ)
264 2441 450 2488 ᾡααηὲῐνῡς
476 2442 488 2476 i
513 2445 574 2478 ben
599 2443 709 2486 bonite
736 2443 979 2490 ssorfytttigbeb
1014 2444 1035 2479 5
1064 2443 1111 2480 23.
1140 2446 1156 2480 1
1186 2443 1251 2482 &n
1284 2457 1316 2490 p.
1343 2443 1387 2479 35
1425 2444 1482 2488 cfr,

267 2502 334 2548 9291
360 2503 488 2549 jutihit'f
515 2504 630 2547 anchin
656 2504 701 2542 22
728 2504 795 2543 533),
821 2518 853 2551 p.
882 2505 960 2541 129.

1162 2576 1187 2615 5
1192 2580 1216 2601 ‘⁷'
