1712 2861
503 551 804 633 Sectio
860 552 1191 658 prima.

344 709 450 754 De
479 707 823 763 praeceptis
845 706 1017 766 juris
1048 706 1349 752 Romani.

780 838 895 895 §L

184 954 255 1001 De
300 969 356 1000 ea
400 955 469 999 rei
515 953 769 1014 spectandae
813 954 1015 1010 ratione,
1063 968 1150 1014 qua
1194 955 1348 999 nititur
1384 956 1504 999 actio

321 1046 503 1092 noxalis
550 1046 606 1092 ob
654 1046 853 1092 damnum
895 1061 925 1092 a
960 1045 1321 1108 quadrupedibus
1359 1046 1506 1092 datum

322 1154 551 1186 concessa.

182 1233 466 1304 Notissimum
497 1256 556 1292 est
587 1251 786 1292 dominum
818 1252 1108 1305 quadrupediS,
1150 1263 1237 1304 quae
1267 1253 1422 1302 nocuit,
1454 1264 1506 1292 ex

175 1334 269 1387 jure
298 1333 499 1383 Romano,
539 1332 606 1372 ubi
637 1332 819 1372 damnum
849 1333 901 1372 ita
932 1332 1063 1373 datum
1094 1337 1200 1383 erat,
1233 1337 1276 1372 ut
1306 1332 1504 1372 conditio-

180 1426 253 1455 nes
279 1414 439 1467 legibus
463 1413 707 1467 praescriptae
733 1413 931 1464 adessent,
962 1413 1010 1453 ad
1039 1414 1340 1454 resarcitionem
1375 1414 1506 1454 damni

178 1495 270 1536 illati
308 1494 571 1548 praestandam
609 1493 759 1545 teneri,
798 1494 850 1534 ita
888 1498 1019 1535 tamen
1060 1499 1101 1534 ut
1140 1494 1340 1534 deditione
1379 1494 1504 1547 ipsius

181 1576 354 1617 animalis
391 1575 493 1615 hanc
532 1575 812 1629 obligationem
852 1587 874 1614 a
912 1586 958 1615 se
997 1580 1182 1616 avertere
1219 1576 1357 1629 possit.
1419 1575 1506 1616 Hoc

176 1658 258 1711 jam
288 1669 340 1697 ex
369 1656 525 1709 legibus
556 1656 626 1696 XII
655 1656 873 1696 tabularum
911 1656 1082 1697 valuisse
1121 1661 1313 1697 testantur
1344 1657 1504 1697 Institu-

179 1739 309 1779 tiones
325 1737 594 1787 Justinianeae,
625 1737 665 1776 in
683 1738 826 1789 quihus
841 1737 1032 1787 dicitur÷÷3
1060 1737 1315 1789 „Animalium
1330 1738 1504 1794 nomine,

180 1832 268 1874 quae
298 1819 453 1859 ratione
485 1822 634 1868 carent,
665 1817 698 1857 si
731 1830 808 1871 qua
837 1818 997 1859 lascivia
1028 1823 1094 1858 aut
1124 1818 1289 1859 fervore
1315 1823 1379 1858 aut
1400 1817 1503 1859 ieri-

180 1906 258 1942 tate
288 1899 520 1954 pauperiem
551 1898 740 1950 fecerint,
789 1899 944 1939 noxalis
985 1901 1089 1940 actio
1126 1900 1219 1953 lege
1248 1899 1319 1940 XII
1347 1899 1505 1939 tabula-

179 1995 268 2024 rum
298 1981 455 2035 prodita
486 1981 568 2020 θεῖα
601 1992 688 2032 quae
718 1980 785 2020 lex
815 1978 939 2020 voluit
969 1985 1058 2031 „aut
1089 1980 1187 2031 dari,
1219 1980 1327 2033 quod
1356 1980 1504 2028 nocuit,

175 2064 216 2105 id
247 2068 308 2104 est
336 2062 376 2103 id
407 2060 570 2111 animal,
604 2061 712 2114 quod
742 2060 902 2100 noxiam
933 2061 1148 2111 commisit,
1179 2066 1245 2102 aut
1275 2061 1504 2102 aestimatio-

175 2156 267 2185 nem
305 2154 423 2184 noxae
465 2141 737 2190 offerri“·²=‘³<·).
822 2140 863 2183 Si
909 2147 1038 2182 autem
1078 2142 1290 2195 quaeritur,
1337 2155 1414 2195 qua
1442 2142 1504 2183 rei

176 2225 403 2279 spectandae
441 2223 597 2263 ratione
636 2222 779 2262 nitatur
816 2221 903 2264 haec
941 2224 1114 2275 sanctio,
1153 2236 1221 2265 res
1259 2235 1341 2263 non
1375 2223 1503 2263 minus

175 2306 294 2347 dubia
325 2310 406 2357 est,
440 2315 557 2356 quam
588 2308 752 2344 conatus
783 2316 945 2357 eorum,
980 2305 1046 2359 qui
1076 2305 1154 2346 hoc
1183 2304 1384 2358 explicare
1415 2309 1502 2346 stu-

224 2465 262 2507 ᾗ)
295 2465 348 2499 Ρι·.
373 2464 398 2499 I.
424 2467 452 2499 si
479 2465 597 2510 quadr.
623 2465 697 2508 (lv,
722 2463 774 2507 9).

198 2526 256 2569 m)
290 2526 342 2561 Pr.
370 2527 401 2562 1.
427 2527 467 2561 D.
494 2529 521 2561 si
548 2527 666 2582 quadr.
694 2526 769 2570 (lx,
797 2528 846 2570 1).

1186 2599 1237 2637 μ
