1712 2861
859 99 892 148 9

804 238 939 297 §2

731 364 1025 413 Continuatio.

334 494 514 542 Quonam
544 490 664 532 modo
694 491 807 545 leges
831 492 1020 532 Romanae
1049 490 1097 531 ad
1128 491 1322 530 actionem
1355 492 1536 532 noxalem

216 575 428 615 occasione
459 573 589 614 damni
619 573 667 613 ab
699 572 926 612 animalibus
966 571 1044 612 dati
1083 571 1377 612 concedendam
1409 572 1536 612 deve-

215 656 358 706 nerim,
397 665 478 695 non
517 654 644 694 minus
678 654 785 707 juste
824 663 939 706 quam
971 653 1167 706 sagaciter
1198 650 1406 706 explicavit
1431 653 1537 693 Zim-

218 748 331 777 mern
341 737 406 785 ὓ).

334 816 472 857 Monet
500 828 552 855 ex
575 815 668 868 Jure
698 815 876 855 Romano
903 814 951 854 ab
981 825 1058 854 una
1087 818 1201 868 parte
1230 813 1429 854 neminem
1461 825 1538 855 ex-

217 903 276 938 tra
313 897 528 937 relationes
577 895 856 948 obligatorias,
902 895 976 935 nisi
1024 895 1076 935 de
1123 896 1205 935 suis
1253 895 1377 948 ipsius
1427 895 1539 935 factis

215 977 366 1027 teneri,
406 978 455 1017 ab
485 977 736 1016 altera-vero
768 982 880 1030 parte
911 975 1121 1029 antiquitus
1152 976 1294 1029 vigere
1325 977 1385 1016 rei
1416 989 1539 1030 spec-

216 1059 345 1100 tandae
374 1059 591 1109 rationem,
631 1070 682 1097 ex
713 1069 789 1110 qua
822 1058 937 1097 etiam
966 1069 1047 1097 non
1077 1058 1198 1108 liber,
1245 1058 1339 1111 quin
1377 1070 1444 1099 res
1474 1058 1540 1097 in-

218 1140 406 1190 animata,
451 1139 503 1179 de
543 1139 708 1179 laesione
749 1138 849 1178 facta
887 1143 1090 1188 teneatur3
1136 1151 1224 1179 cum
1270 1151 1370 1179 vero
1419 1151 1539 1180 servo

219 1224 337 1273 atque
374 1220 437 1259 rei
476 1218 784 1259 sibisufficientia
815 1219 938 1269 desit,
983 1231 1063 1260 non
1101 1219 1177 1260 nisi
1229 1221 1278 1260 ad
1326 1220 1540 1270 dominum,

218 1305 402 1353 tanquam
442 1299 697 1340 defensorem
736 1300 823 1352 ejus
862 1300 1100 1350 naturalem,
1154 1301 1209 1351 is,
1261 1302 1327 1354 qui
1359 1301 1541 1341 damnum

218 1393 361 1435 passus
392 1381 461 1430 sit,
494 1393 538 1420 se
569 1385 807 1421 convertere
837 1385 990 1434 potest,
1023 1393 1146 1433 quare
1177 1381 1230 1432 fit,
1261 1386 1303 1421 ut
1334 1383 1435 1421 actio
1467 1382 1542 1422 ad-

219 1474 362 1503 versus
401 1474 491 1501 eum
529 1473 610 1501 non
649 1466 816 1514 propter
854 1462 1239 1515 responsabilitatem
1277 1462 1424 1514 ipsius,
1469 1462 1542 1502 sed

217 1548 402 1596 tanquam
431 1546 784 1596 repraesentantem
813 1543 877 1583 vel
909 1542 1167 1583 defensorem
1194 1543 1267 1594 rei,
1300 1555 1389 1595 quae
1419 1543 1542 1596 ipsius

221 1629 302 1674 est,
342 1624 546 1677 dirigatur.
607 1623 649 1664 Si
680 1624 809 1663 exitus
840 1635 969 1663 causae
999 1624 1034 1664 is
1065 1628 1146 1674 est,
1185 1628 1228 1664 ut
1258 1623 1440 1664 damnum
1471 1636 1545 1664 re-

221 1705 471 1746 sarciendum
509 1703 580 1755 sit,
623 1704 795 1758 pertinet
832 1704 1000 1759 proprie
1047 1705 1236 1758 obligatio
1275 1705 1545 1745 resarcitionis

338 1888 454 1931 edicti,
479 1890 560 1933 quia
584 1899 728 1922 necesse
755 1894 806 1922 est
829 1888 1030 1933 plerumque
1056 1900 1175 1923 eorum
1194 1889 1297 1924 fidem
1317 1890 1414 1934 sequi
1438 1895 1472 1923 et
1491 1901 1549 1923 res

339 1951 503 1984 custodiae
536 1961 655 1984 eorum
689 1952 910 1985 committere.
958 1951 1029 1985 Nec
1063 1954 1244 1996 quisquam
1275 1958 1371 1996 putet
1400 1954 1548 1996 graviter

339 2012 407 2045 hoc
432 2013 596 2045 adversus
622 2023 683 2045 eos
709 2015 944 2046 constitutum:
979 2024 1059 2046 nam
1092 2019 1143 2047 est
1172 2015 1208 2047 in
1232 2016 1381 2058 ipsorum
1409 2014 1547 2047 arbitrio

271 2082 275 2083 ⁷
338 2084 384 2107 ne
410 2085 511 2118 quem
534 2076 719 2118 recipiant:
753 2079 787 2107 et
809 2076 875 2107 nisi
898 2074 967 2108 hoc
995 2081 1085 2108 esset
1107 2081 1285 2118 statutum,
1317 2079 1459 2110 materia
1485 2075 1549 2108 da-

338 2141 432 2170 retur
462 2146 540 2169 cum
571 2136 703 2169 furibus
735 2136 898 2170 adversus
931 2148 1012 2179 θος,
1046 2148 1132 2182 quos
1163 2140 1353 2182 recipiunt,
1387 2138 1549 2180 coeundi,

341 2209 418 2232 cum
449 2209 494 2231 ne
526 2209 617 2231 nunc
652 2198 789 2243 quidem
822 2199 1014 2233 abstineant
1043 2200 1240 2243 hujusmodi
1275 2200 1471 2234 fraudibus“
1505 2218 1548 2223 —

340 2260 363 2293 l.
390 2260 422 2293 1.
448 2261 483 2302 §.
511 2259 541 2294 1.
566 2259 619 2293 De
644 2260 708 2302 his,
734 2263 791 2305 qui
817 2262 927 2295 effud:
954 2262 1110 2304 „Summa
1132 2274 1208 2296 cum
1234 2263 1376 2296 utilitate
1401 2262 1435 2295 id
1461 2272 1551 2305 prae-

340 2327 450 2355 torem
475 2322 643 2364 edixisse,
669 2333 770 2356 nemo
797 2329 848 2357 est
872 2326 928 2369 qui
952 2331 1075 2369 neget:
1100 2325 1239 2368 publice
1265 2327 1355 2358 enim
1380 2323 1462 2356 utile
1488 2328 1550 2364 est,

343 2385 417 2417 sine
441 2389 533 2417 metu
560 2390 603 2430 et*
616 2385 772 2429 periculo
797 2397 859 2429 per
883 2388 1004 2420 itinera
1030 2389 1226 2421 commeari.

250 2457 370 2500 **)1n
403 2459 529 2502 scripto
563 2469 671 2503 nuper
703 2458 841 2493 laudato
873 2457 1008 2503 C‘Ztyssem
1040 2461 1093 2496 bet
1126 2460 1299 2506 tk'tmisdyttt
1326 2458 1550 2503 {llorsslflugcu

344 2530 376 2563 p.
401 2517 549 2555 36—42.
