1712 2861
177 644 246 709 In
291 660 412 710 nulla
458 675 509 706 re
556 660 802 707 ordinanda
846 661 976 722 leges
1022 664 1231 723 positivae
1280 666 1424 723 magis
1473 680 1498 710 3

169 754 405 818 principiis
438 754 552 813 juris
592 753 866 816 universalis
912 762 1226 813 recesserunt„
1273 770 1405 816 quain
1451 759 1497 803 in

170 864 251 908 33,
298 862 396 908 quae
442 852 653 893 versatur
703 848 824 892 circa
872 845 1080 892 damnum
1127 845 1180 892 ab
1229 848 1495 896 annualibus

171 941 334 987 datum.
408 936 458 985 Si
504 937 614 984 illud
654 939 730 998 jus
775 938 1021 1000 respicias,
1078 938 1297 999 obligatio
1346 940 1494 988 damni

170 1030 392 1093 ejusmodi
429 1029 709 1077 resarciendi
745 1045 836 1077 non
871 1031 958 1077 nisi
1005 1031 1047 1076 ei
1093 1032 1369 1092 injungenda
1407 1040 1493 1093 est,

168 1127 241 1172 cui
288 1122 614 1182 damnificatio7
670 1129 915 1185 propterea
969 1123 1089 1184 quod
1140 1123 1194 1169 ad
1244 1139 1344 1171 eam
1390 1128 1492 1173 sive

168 1217 329 1264 dolose
377 1216 478 1262 sive
526 1215 714 1277 culpose
761 1216 1014 1274 concurrit,
1069 1217 1278 1278 imputari
1324 1225 1492 1279 potest,

166 1326 253 1357 neo
290 1323 403 1369 ergo
441 1309 539 1369 quis
570 1322 626 1354 eo
656 1307 775 1366 solo,
812 1306 932 1369 quod
961 1308 1140 1368 animal,
1180 1325 1205 1355 a
1237 1324 1325 1371 quo
1358 1310 1492 1357 dam-

165 1417 272 1449 num
307 1400 496 1460 illatum,
534 1401 580 1446 in
618 1399 815 1447 dominio
863 1414 946 1447 suo
983 1399 1206 1461 habuerit,
1245 1402 1302 1448 ad
1329 1418 1491 1450 resar-

165 1495 379 1542 citionem
424 1492 724 1555 praestandam
769 1499 974 1553 tenetur,
1031 1508 1087 1540 eo
1127 1509 1237 1541 casu
1276 1503 1490 1559 excepto,

166 1602 255 1649 quo
274 1586 358 1633 hac
376 1600 427 1632 re
447 1586 546 1648 ipsa
567 1586 821 1632 continetur
840 1585 988 1648 culpa,
1021 1588 1149 1647 cujus
1180 1589 1248 1634 rei
1277 1589 1489 1652 exemplo

165 1686 252 1739 est,
289 1679 329 1727 si
367 1678 465 1740 quis
503 1677 610 1724 talia
647 1678 855 1724 animalia
884 1678 1061 1738 aluerit„
1099 1694 1125 1725 a
1153 1680 1312 1741 quibus
1340 1697 1489 1745 prop-

164 1779 235 1818 ter
279 1771 423 1818 feram
469 1777 515 1816 et
559 1772 798 1817 immanem
844 1786 1002 1818 eorum
1038 1779 1267 1835 naturam*
1280 1773 1488 1821 damnum

164 1863 300 1910 facile
336 1863 509 1909 illatum
545 1864 600 1908 iri
636 1862 894 1924 intelligere
933 1864 1188 1925 debuisset3
1227 1865 1367 1927 longe
1396 1867 1488 1914 ali-

163 1964 234 2003 ter
270 1971 384 2003 vero
422 1957 688 2017 praecipiunt
723 1955 854 2016 leges
891 1959 1116 2018 positivae.

302 2034 366 2094 At
410 2049 448 2095 si
496 2047 550 2094 ab
596 2062 684 2093 una
726 2055 854 2110 parte
891 2051 1090 2111 positiva
1125 2049 1222 2097 haeo
1259 2057 1487 2114 praecepta

161 2141 269 2189 talia
306 2155 410 2188 3553
446 2141 729 2200 invenimus,
771 2156 870 2203 quae
906 2141 1029 2188 nulla
1066 2142 1336 2190 deductione
1368 2145 1484 2204 juris

160 2235 373 2294 nitantur,
410 2249 496 2280 nec
515 2233 835 2296 metaphysicae
849 2235 965 2293 juris
986 2241 1253 2296 congruant,
1290 2251 1484 2283 necesse

162 2334 232 2375 est
267 2333 417 2373 tamen
455 2327 508 2373 ab
549 2327 691 2373 altera
727 2333 872 2388 parte,
910 2328 948 2374 si
986 2343 1041 2373 33
1077 2330 1346 2390 perscrutati
1375 2329 1484 2375 fue-

160 2420 326 2479 rimus,
373 2419 693 2480 confiteamur,
742 2435 798 2466 33
835 2421 1084 2483 saepissime
1122 2423 1184 2467 ita
1222 2428 1483 2484 comparata

161 2525 292 2570 3553,
339 2518 388 2558 ut
434 2527 494 2559 ex
539 2512 817 2561 conscientia
855 2511 1003 2575 aliqua
1040 2515 1286 2575 aequitatis„
1337 2515 1480 2577 qualis

1192 2604 1209 2643 1
