1712 2861
776 87 843 136 39

264 226 390 280 Caput
429 224 600 278 denique
630 222 767 265 22dum
807 228 941 275 cavet,
983 228 1025 264 ut
1061 224 1096 264 si
1127 235 1251 277 pecus
1289 222 1466 276 alicujus,

146 306 233 347 sive
263 318 389 359 equus
418 307 504 346 sive
534 306 607 346 bos
637 306 723 345 sive
755 305 860 345 canis
890 305 976 345 sive
1007 304 1080 344 alia
1105 304 1268 357 quaevis,
1299 304 1466 344 liberum

146 386 344 428 hominem
367 386 648 436 vulneraverit,
678 390 851 425 sostrum
874 385 1106 425 solvendum
1136 385 1185 425 sit
1193 398 1206 435 3
1235 385 1270 425 si
1293 396 1467 435 servum,

146 471 226 507 tum
255 471 440 517 sostrum,
469 471 551 506 tum
580 465 750 520 pretium
775 477 911 507 earum
936 477 1162 519 operarum,
1194 477 1281 518 quae
1307 465 1466 506 domino

146 547 416 600 perieruntffl.

259 627 464 681 Praecepta
488 628 668 681 exposita
691 627 787 668 satis
816 631 1021 678 testantur,
1051 626 1154 667 hanc
1183 626 1317 679 legem
1340 625 1466 666 ratio-

144 719 235 748 nem
267 708 353 761 ejus
383 708 530 761 culpae,
571 719 660 760 quae
700 720 722 748 a
761 711 874 761 parte
905 707 1053 748 domini
1083 707 1258 747 animalis
1287 707 1468 747 nocentis

144 788 416 838 intervenerit,
447 799 529 828 non
558 788 802 841 neglexisse,
832 787 941 840 quod
970 792 1102 828 tamen
1130 798 1212 827 non
1234 788 1339 828 valet
1361 787 1467 827 circa

145 879 214 907 eas
251 869 547 920 praestationes,
588 880 677 920 quae
715 868 783 907 ubi
821 868 982 919 animal,
1013 867 1121 921 quod
1149 868 1256 921 Juste
1286 867 1467 918 habetur,

143 948 342 989 hominem
373 948 514 988 occidit
544 948 610 988 vel
638 947 880 998 vulneravit,
918 948 1050 988 locum
1079 948 1248 998 habent;
1286 950 1327 989 in
1356 949 1466 989 hisce

142 1030 247 1071 enim
276 1029 583 1070 determinandis
611 1040 694 1069 non
725 1029 886 1081 quidem
914 1033 1142 1082 respectum
1171 1030 1297 1083 culpae
1329 1030 1467 1083 cujus-

143 1111 246 1161 dam,
275 1110 349 1150 sed
378 1109 456 1150 hoc
484 1110 627 1160 solum,
658 1122 709 1150 ne
734 1111 797 1150 cui
822 1110 1004 1150 damnum
1030 1109 1259 1161 inferretur,
1290 1111 1368 1150 vim
1390 1123 1467 1151 ex·-

141 1191 320 1231 seruisse
345 1171 528 1231 ¹dubitari
566 1191 713 1243 nequit.
774 1191 841 1231 Illa
878 1202 979 1231 vero
1012 1192 1114 1231 ratio
1145 1191 1271 1244 culpae
1302 1203 1325 1231 a
1354 1195 1467 1244 parte

143 1272 293 1312 domini
322 1271 621 1312 intervenientis
659 1271 700 1311 in
737 1272 948 1325 praeceptis
979 1270 1029 1312 de
1060 1271 1202 1312 damno
1233 1272 1283 1312 ab
1314 1272 1466 1312 anima-

187 1387 227 1430 *J
257 1387 328 1420 Far
350 1398 429 1419 man
452 1398 513 1419 sar
536 1386 580 1429 af
599 1397 716 1418 annoer
738 1387 797 1429 foe,
822 1386 912 1419 hwat
938 1385 1007 1420 thee
1024 1399 1074 1420 oer
1093 1386 1234 1420 hoeldaer
1251 1387 1332 1420 hors
1361 1387 1468 1420 aelloer

257 1453 318 1482 mit
341 1449 448 1481 oellaer
470 1448 564 1481 hund
585 1447 692 1481 oellaer
714 1447 804 1481 hwat
830 1448 898 1481 thet
919 1460 990 1488 ων,
1027 1449 1101 1492 qive
1130 1450 1205 1491 fore
1226 1448 1366 1491 fraelsen
1389 1460 1469 1481 man

259 1511 442 1554 laeyisqist,
481 1521 521 1542 oc
552 1521 591 1553 ey
621 1521 720 1542 merae
746 1529 788 1532 —
821 1510 897 1552 fore
921 1510 1097 1554 annodoqh
1120 1521 1220 1550 man,
1254 1510 1339 1544 botae
1361 1523 1467 1555 909⁸-

258 1572 411 1605 woerckis
435 1571 536 1616 spjael
567 1582 608 1615 ⁰9
633 1570 728 1604 loekis
759 1571 834 1616 yift.
874 1573 933 1614 far
964 1583 1043 1604 man
1075 1571 1166 1615 lyme
1197 1573 1240 1615 af
1266 1572 1371 1613 them,
1411 1573 1469 1606 tha

258 1633 362 1666 bdtaes
388 1633 468 1677 lytae
491 1645 532 1676 ⁰9
555 1633 623 1677 qifs
648 1633 763 1665 laeckis
786 1633 862 1676 qil‘t.
891 1645 942 1666 aen
966 1645 1004 1676 ey
1029 1619 1196 1666 scasmer
1219 1635 1304 1678 yivae
1324 1647 1376 1668 aen
1397 1635 1469 1668 thre

257 1707 353 1729 marc
385 1700 423 1728 at
453 1694 535 1738 lytis
567 1694 698 1734 bolum,
725 1694 812 1727 them
843 1706 892 1727 oer
915 1694 996 1728 εἰὶσε
1019 1696 1065 1738 fae
1087 1698 1177 1739 qfire.
1211 1696 1337 1728 και-ἄιε
1361 1697 1469 1729 minui

260 1756 348 1800 lyte,
387 1756 445 1789 clm
477 1756 581 1789 bfitaes
613 1756 666 1789 the
697 1757 791 1799 oeseir
821 1756 915 1800 qodoe
946 1768 1078 1790 mannoe
1110 1768 1207 1800 asyn.
1270 1755 1338 1790 Cfr.
1362 1756 1467 1790 Andr.

256 1818 338 1852 Sun.
370 1817 444 1851 Lib.
468 1817 523 1851 XI.
557 1817 637 1861 Cap.
671 1818 725 1851 IV.
788 1817 885 1851 Nunc
908 1817 1095 1852 videndum
1129 1818 1210 1863 quid
1232 1817 1317 1862 juris
1341 1820 1403 1861 sit,
1439 1820 1469 1852 si

257 1882 417 1925 cuiquam
450 1879 608 1925 damnum
641 1879 740 1912 detur
781 1890 801 1913 a
842 1880 1064 1924 quadrupede
1104 1886 1288 1913 mansvetae
1327 1886 1467 1914 naturae.

256 1941 299 1975 Et
321 1952 443 1975 revera
466 1943 538 1974 sive
559 1941 647 1973 liber
666 1941 772 1974 homo
793 1942 865 1974 sive
885 1952 1003 1974 servus
1027 1941 1170 1974 laedatur
1190 1952 1212 1974 a
1232 1942 1467 1986 quadrupede,

258 2003 349 2037 bove
380 2003 438 2036 vel
470 2013 560 2047 equo
596 2002 653 2036 vel
686 2013 773 2036 cane
813 2002 870 2036 vel
912 2013 995 2046 apro
1027 2003 1085 2036 vel
1108 2003 1167 2036 tali
1192 2003 1346 2048 quolibet
1368 2015 1468 2037 man-

258 2071 364 2099 svetae
387 2070 536 2105 naturae,
572 2065 717 2108 pretium
741 2075 802 2108 pro
830 2066 1006 2098 curatione
1031 2064 1102 2098 loesi
1126 2065 1263 2099 medico
1289 2065 1383 2098 dabit
1405 2065 1468 2099 lae-

258 2127 370 2160 dentis
404 2127 572 2160 dominus.
631 2126 841 2171 Insuperque
873 2128 1027 2171 precium
1060 2137 1260 2171 operarum,
1301 2138 1376 2172 quae
1402 2127 1468 2161 do-

257 2190 350 2222 mino
377 2189 579 2233 deperibant
602 2194 741 2232 propter
763 2190 926 2233 mancipii
949 2188 1136 2223 laesionem.
1184 2189 1227 2223 Et
1249 2191 1279 2223 si
1304 2200 1379 2234 quae
1405 2189 1469 2222 de-

258 2251 413 2284 formitas
446 2256 564 2284 exorta
597 2251 698 2284 fuen‘t
728 2251 784 2284 vel
816 2252 851 2284 in
886 2252 1038 2295 ingenuo
1069 2251 1126 2284 vel
1159 2252 1194 2285 in
1218 2262 1340 2294 servo,
1370 2251 1468 2294 juxta

257 2312 474 2357 prudentium
505 2315 654 2347 virorum
679 2315 935 2346 aestimationem
967 2313 1214 2347 emendabitur.
1272 2313 1322 2347 Ita
1353 2318 1466 2347 tamen

259 2380 295 2408 ut
333 2385 396 2418 pro
438 2369 562 2409 daesmno
597 2375 676 2408 dato
722 2375 764 2408 ah
797 2375 992 2420 hujusmodi
1025 2375 1162 2409 animali
1193 2375 1380 2409 satisfactio
1413 2376 1468 2409 fa-

261 2437 385 2470 cienda
409 2442 477 2470 tres
502 2447 634 2470 marcas
657 2448 890 2479 nummorum,
927 2437 982 2471 vel
1014 2448 1115 2472 unam
1148 2448 1297 2472 marcam
1322 2438 1467 2482 argenti,

260 2500 462 2542 computatis
488 2499 666 2540 omnibus,
690 2509 759 2533 non
785 2499 938 2533 excedat.
