1712 2861
820 113 885 183 73
1020 89 1025 91 ’
1468 74 1533 170 Χ

188 252 336 298 oriatur
345 266 356 301 3
388 252 588 305 posterior
619 257 748 292 autem
780 253 882 293 circa
914 265 1004 293 eum
1029 265 1175 302 casum,
1208 264 1287 305 quo
1312 264 1410 306 ager
1436 253 1509 292 ali-

188 334 300 386 cujus
331 345 411 373 non
441 345 542 386 sepe
572 333 635 372 vel
666 332 796 383 fossa,
844 334 915 374 sed
947 346 1060 374 amne
1091 334 1215 373 aliave
1247 345 1348 386 aqua
1378 333 1510 372 muni-

186 418 248 453 tus
276 419 353 464 est,
382 414 416 453 si
446 425 548 465 aqua
579 414 631 453 ita
662 413 822 464 diffluat,
854 419 895 453 ut
925 414 1054 454 aliena
1083 426 1231 466 pecora
1261 426 1336 467 per
1359 414 1510 454 vadosa

186 494 272 534 loca
310 495 350 533 in
389 506 529 546 agrum
569 494 760 534 devenire
797 495 971 547 possint,
1011 495 1155 545 sancit,
1195 498 1236 533 ut
1275 495 1324 534 sit
1363 495 1512 534 domini

186 575 288 627 agri,
318 575 352 614 si
383 587 483 628 agro
515 575 735 615 consultum
766 575 870 625 velit,
911 579 976 615 aut
1005 586 1144 628 sepem
1175 575 1416 614 constituere
1447 579 1512 614 aut

187 655 351 695 custode
383 656 564 709 adposito
594 655 833 709 prohibere,
874 667 925 696 ne
956 667 1080 708 pecus
1111 655 1150 694 in
1183 668 1277 695 eum
1303 656 1511 709 ingredia-

187 741 264 786 tur,
295 736 402 788 quod
434 736 667 789 principium
698 737 813 776 etiam
838 737 878 776 in
903 737 1065 776 articulo
1090 733 1145 776 47
1172 737 1350 790 ejusdem
1375 737 1512 790 capitis

187 817 318 870 quoad
348 817 500 867 hortos,
531 818 722 870 pomaria,
754 817 906 857 olitaria
937 822 1026 867 etc„
1057 817 1173 857 valet.

304 897 504 938 Concessa
535 898 694 950 quidem
725 902 811 937 erat
838 897 1021 948 libertas,
1065 902 1177 951 pacta
1207 899 1388 949 ineundi,
1420 898 1512 951 qui-

184 976 259 1017 bus
290 977 479 1030 obligatio
509 976 674 1018 cavendi
705 989 756 1017 ne
787 989 937 1030 pecora
961 978 1131 1018 alienum
1155 979 1318 1019 fundum
1344 979 1512 1019 invade-

185 1062 287 1107 rent,
318 1063 449 1111 atque‚
481 1059 514 1099 si
545 1058 787 1099 contrarium
812 1058 968 1109 factum,
999 1060 1181 1112 pignoris
1212 1059 1328 1100 dandi
1360 1061 1512 1099 consti-

186 1144 379 1190 tueretur,
411 1140 483 1180 cfr.
516 1136 706 1180 3-13-31
745 1144 785 1180 et
814 1136 892 1189 333
924 1151 974 1180 eo
1005 1152 1104 1180 vero
1135 1141 1368 1194 principium
1387 1140 1514 1181 Codi-

187 1221 244 1261 cis
274 1232 354 1261 non
385 1222 572 1271 allicitur,
612 1233 634 1261 a
669 1233 748 1274 quo
780 1226 956 1261 ceterum
986 1232 1067 1260 non
1097 1221 1172 1260 nisi
1204 1233 1341 1274 paucae
1373 1221 1515 1261 adsunt

188 1303 459 1355 exceptiones.
505 1302 591 1342 Hoc
620 1303 780 1342 nomine
806 1301 939 1342 afferri
965 1301 1085 1341 debet
1114 1298 1324 1352 3-13-44,
1357 1315 1408 1342 ex
1434 1314 1512 1354 quo

188 1383 234 1432 is,
267 1383 347 1435 qui,
379 1381 577 1422 frumento
602 1394 675 1422 suo
702 1383 741 1422 in
766 1383 913 1423 horrea
937 1387 1199 1436 comportato,
1224 1383 1390 1423 aliorum
1413 1394 1514 1423 vero

187 1475 318 1503 messe
342 1475 424 1503 non
447 1463 642 1513 confecta,
673 1475 824 1516 pecora
854 1475 925 1503 sua
952 1464 991 1502 in
1016 1475 1194 1516 campum
1219 1465 1412 1503 consitum
1437 1464 1515 1503 im-

188 1544 322 1594 mittit,
355 1556 500 1583 cavere
531 1548 690 1584 tenetur
719 1556 770 1584 ne
802 1544 972 1583 aliorum
1007 1544 1114 1597 agris
1144 1543 1319 1584 nondum
1351 1544 1515 1585 demes-

187 1625 242 1665 sis
273 1624 455 1664 damnum
481 1624 635 1674 faciant,
667 1625 774 1677 quod
807 1627 1050 1678 praeceptum
1077 1637 1129 1664 ex
1155 1625 1390 1677 insequente
1417 1627 1516 1665 arti-

188 1705 278 1745 culo
310 1706 425 1745 etiam
455 1705 559 1744 valet
591 1705 722 1757 quoad
751 1705 993 1746 habitatores
1022 1705 1122 1755 vici,
1164 1706 1231 1757 qui
1270 1717 1392 1758 agros
1428 1718 1517 1745 cum

188 1785 264 1826 alio
295 1797 526 1826 communes
556 1785 724 1837 habent,
763 1788 797 1826 si
830 1770 943 1840 prius
975 1798 1091 1839 quam
1121 1786 1262 1826 incolae
1292 1786 1409 1839 hujus
1440 1788 1517 1827 vici

186 1878 358 1907 messem
398 1867 661 1917 absolverint,
699 1867 753 1907 ita
791 1872 833 1906 ut
872 1867 907 1907 si
945 1867 1189 1907 contrarium
1225 1859 1352 1907 actum
1383 1867 1516 1919 fuerit,

185 1952 396 1987 teneantur
426 1947 476 1987 ad
506 1947 690 1987 damnum
720 1947 865 1987 illatum
895 1947 1208 1998 resarciendum,
1239 1960 1356 2000 quam
1385 1952 1517 1988 tamen

188 2027 468 2081 obligationem
508 2039 559 2068 eo
598 2028 638 2067 in
678 2039 774 2067 casu
811 2039 894 2068 non
933 2033 1090 2068 exstare
1132 2029 1276 2081 probat
1305 2025 1516 2080 3-13-46,

188 2120 268 2161 quo
301 2109 388 2161 quis
419 2108 470 2148 ob
500 2108 782 2162 negligentiam
811 2099 887 2148 vel*
899 2109 1079 2149 malitiam
1104 2113 1286 2163 segetem
1309 2122 1420 2150 suam
1435 2111 1517 2163 jam

189 2193 378 2229 maturam
409 2189 612 2230 demetere
643 2190 825 2230 noluerit.

304 2268 505 2310 Nominari
544 2270 622 2310 hoc
658 2270 697 2309 in
736 2270 825 2310 loco
866 2255 1161 2310 debent‘etiam
1191 2275 1273 2312 tum
1305 2267 1516 2323 3-13-47,

190 2354 382 2412 quatenus
411 2351 480 2400 iis,
521 2362 610 2403 quae
651 2350 701 2391 de
742 2350 986 2403 obligatione
1017 2351 1164 2391 domini
1195 2352 1320 2405 ipsius
1352 2353 1518 2392 cavendi

187 2442 239 2470 ne
278 2430 453 2484 pecudes
491 2431 648 2471 hortum
688 2432 791 2484 ejus
815 2431 1020 2482 invadant,
1069 2431 1338 2473 limitationem
1389 2433 1519 2486 adjicit

190 2511 296 2553 circa
326 2523 489 2566 capras,
528 2513 676 2563 boves,
714 2523 830 2562 sues3
871 2512 942 2553 cfr.
976 2512 1083 2565 quod
1114 2513 1162 2554 ad
1194 2525 1338 2568 capras
1369 2514 1517 2564 attinet,
