1712 2861
936 78 957 87 s

780 100 847 148 35

158 243 198 287 δ.
229 239 296 279 ult.
329 249 491 293 praescr.
522 237 633 277 verb.
674 236 799 286 (XIX.
831 235 882 286 5)
915 237 1062 290 quippe
1093 248 1212 289 quum
1242 236 1327 276 haec
1357 248 1476 289 supra

152 321 232 374 jam
271 319 424 360 laudata
461 318 704 371 singularem
743 329 921 368 causam,
960 318 1012 357 ob
1053 330 1168 370 quam
1207 318 1245 357 in
1284 329 1334 357 eo
1369 329 1475 368 casu,

157 401 268 453 cujus
298 400 536 439 montionem
566 398 671 449 facit,
702 409 782 438 non
811 398 940 438 locum
963 397 1105 437 habeat
1135 398 1238 437 actio
1270 398 1320 438 de
1350 404 1477 451 pastu,

156 492 244 520 eam
275 479 424 530 afferat,
457 479 563 532 quod
594 490 718 532 pecus
749 489 829 518 non
859 479 899 517 in
926 478 1094 518 alienum
1121 472 1283 519 fundum
1307 479 1477 520 immissa

156 560 338 609 sueriu‘).

736 677 783 733 §.
825 673 902 722 12.

157 792 368 853 Speciale
402 790 590 852 aliquod
615 792 885 850 proeceptwn
919 791 1097 837 ratione
1129 794 1243 849 ejus,
1280 794 1356 853 qui
1387 808 1479 853 pe-

365 883 518 930 cudem
552 884 600 928 in
633 881 816 942 fundum
852 881 1041 929 alienum
1079 885 1268 930 immisit.

272 996 384 1036 Prius
434 1007 549 1048 quam
587 994 688 1034 hanc
733 995 935 1034 materiam
979 996 1135 1035 missam
1176 996 1361 1036 faciainus
1402 998 1480 1037 ob-

155 1076 394 1118 servandum
421 1080 492 1126 est,
525 1076 628 1115 circa
653 1075 866 1128 specialem
891 1088 1024 1115 casum
1049 1082 1290 1130 praeceptum
1308 1082 1480 1128 exstare,

157 1170 210 1197 ex
240 1169 333 1210 quo,
365 1157 431 1210 qui
460 1155 654 1209 pecudem
684 1167 795 1195 suam
819 1156 858 1195 in
882 1155 1045 1196 fundum
1069 1157 1239 1197 alienum
1262 1158 1480 1208 immiserit,

155 1250 288 1292 poena
316 1238 543 1291 pecuniaria
575 1236 787 1286 afficiatur,
818 1237 842 1276 1.
878 1235 917 1277 2.
951 1236 994 1277 C.
1029 1238 1080 1278 de
1110 1250 1217 1291 pasc.
1249 1239 1356 1291 publ.
1390 1239 1480 1289 (XI,

159 1316 341 1367 GOJW).
404 1318 595 1371 „Insignis
635 1317 845 1356 auctoritas
884 1322 949 1357 tua
986 1318 1061 1358 hac
1093 1319 1318 1360 conditione
1348 1332 1371 1359 a
1401 1331 1481 1372 pu-

157 1399 267 1439 blicis
298 1399 418 1452 pratis
449 1400 606 1461 pascuis
638 1397 818 1438 animalia
849 1386 1009 1439 militum
1035 1400 1240 1454 prohiberi
1264 1399 1480 1454 praecipiat,

157 1484 199 1519 ut
235 1479 412 1519 universi
450 1485 694 1532 cognoscant
740 1481 789 1521 de
829 1481 1101 1521 emolumentis
1153 1492 1292 1520 eorum
1346 1480 1482 1532 tuique

158 1560 279 1600 officii
308 1559 577 1611 facultatibus,
619 1561 829 1601 duodecim
868 1562 989 1602 libras
1035 1562 1119 1601 auri
1150 1560 1232 1602 fisci
1263 1561 1483 1601 commodis

158 1641 416 1692 exhibendas,
446 1641 479 1682 si
505 1642 683 1693 quisdam
719 1643 886 1696 posthac
917 1647 1132 1682 memorata
1163 1646 1276 1695 prata
1304 1642 1482 1682 mutilare

158 1722 384 1762 tentaverit:
416 1733 497 1762 non
527 1722 681 1763 minore
712 1721 967 1763 decernenda
997 1734 1143 1777 poena,
1173 1722 1208 1762 si
1233 1722 1347 1762 etiam
1371 1726 1483 1775 prata

172 1866 177 1870 ³
202 1881 241 1924 ⁹)
265 1881 435 1915 Zimmern
460 1879 593 1926 &sstem
617 1883 671 1916 bct
695 1882 778 1918 t‘ism,
812 1882 1036 1927 fflnmItIagen
1061 1894 1093 1926 p.
1120 1869 1315 1916 109—112'.
1371 1882 1485 1915 Monet

274 1943 470 1975 verosimile
507 1954 583 1976 esse
618 1945 873 1978 vacillationem
911 1947 998 1978 inter
1035 1946 1206 1977 actionem
1244 1943 1287 1976 de
1318 1949 1417 1987 pastu
1451 1951 1485 1977 et

275 2005 447 2037 actionem
471 2004 558 2048 legis
590 2005 736 2049 Aquiliae
769 2008 990 2040 occasionem
1023 2006 1161 2039 dedisse
1203 2007 1401 2050 quaestioni‚
1440 2007 1484 2040 ad

276 2077 377 2110 quam
401 2076 463 2109 per
487 2066 509 2100 l.
535 2065 566 2100 6.
593 2066 629 2100 C.
657 2067 700 2100 de
724 2067 803 2112 lege
820 2068 908 2113 Aqu.
935 2066 987 2111 (3.
1012 2065 1077 2111 35)
1103 2069 1303 2112 rescriptum
1328 2073 1390 2110 est,
1414 2079 1484 2102 non

275 2127 469 2171 prohiberi,
508 2139 575 2172 quo
618 2130 728 2162 minus
755 2140 796 2163 ex
819 2132 987 2163 sententia
1012 2130 1100 2175 legis
1123 2130 1269 2174 Aquiliae
1295 2136 1415 2174 agatur
1440 2130 1484 2163 de

276 2191 331 2230 iis,
365 2200 440 2233 quae
472 2201 534 2233 per
558 2190 715 2233 injuriam
741 2191 883 2235 depasta
907 2198 1002 2234 sunt3
1043 2194 1220 2236 suspicans
1245 2192 1343 2225 simul
1368 2193 1485 2236 gravi-

274 2256 377 2284 tatem
402 2252 502 2295 hujus
533 2254 583 2286 rei
608 2254 642 2286 in
684 2264 727 2287 eo
759 2255 904 2297 positam
937 2255 1061 2297 fuisse,
1095 2253 1188 2299 quod
1219 2265 1282 2297 pei·
1314 2255 1484 2286 actionem

277 2313 322 2346 de
354 2319 452 2356 pastu
485 2315 588 2348 modo
623 2315 666 2348 ad
701 2315 814 2349 damni
847 2318 1125 2358 resarcstionem,
1160 2326 1231 2349 non
1257 2316 1299 2348 ad
1323 2326 1483 2359 poenam,

276 2380 313 2408 ut
337 2386 378 2408 ex
403 2376 482 2419 lege
506 2376 656 2420 Aquilia,
682 2379 827 2421 experiri
852 2378 1005 2420 licuerit,
1041 2377 1097 2410 vel
1122 2380 1156 2410 in
1183 2377 1317 2411 diversa
1340 2388 1484 2421 proces-

277 2437 363 2471 suali
388 2439 522 2471 ratione
545 2441 636 2472 circa
658 2440 718 2472 has
742 2441 894 2473 actiones
917 2439 1112 2473 adhibenda
1136 2439 1192 2473 vel
1212 2442 1246 2473 in
1268 2446 1411 2484 utraque
1436 2450 1482 2471 re.

206 2499 246 2542 *J
269 2500 436 2534 Arcadius
470 2506 504 2533 et
528 2501 698 2534 Honorius
723 2501 762 2535 A.
788 2502 826 2535 A.
854 2503 895 2535 ad
921 2501 1130 2546 Simplicium
1155 2503 1285 2545 magist.
1311 2502 1378 2533 mil.

1166 2570 1174 2581 c
1195 2574 1220 2588 ,υ-

1165 2570 1189 2611 3
1199 2588 1214 2597 ..
