1712 2861
807 102 874 154 85

296 242 399 292 Quin
438 253 537 283 vero
577 241 610 282 si
641 253 688 282 ea
718 241 986 294 ratiocinatio,
1028 254 1103 295 qua
1134 242 1195 283 usi
1226 251 1382 294 sumus,
1421 252 1501 282 non

181 325 484 377 comprobetur,
518 335 646 375 eaque
685 328 884 377 praecepta
930 320 1079 363 3-13tii
1124 327 1164 363 et
1209 320 1366 374 6-14ti,
1413 335 1502 376 quae

179 405 448 459 allegavimus,
471 403 524 444 ita
547 405 763 457 peculiaria
787 416 878 444 esse
902 404 1135 455 liabcantnr‚
1170 409 1213 447 ut
1241 403 1314 443 hac
1343 403 1384 443 in
1414 415 1502 443 ma-

178 485 278 525 teria
309 486 394 538 ejus
424 486 609 525 momenti
640 497 732 526 esse
763 489 982 538 nequeant,
1013 484 1125 537 cujus
1156 496 1204 524 ea
1235 495 1325 524 esse
1356 495 1502 525 cense-

177 576 284 616 mus,
324 566 418 605 satis
457 565 660 606 sufficiens
697 567 799 606 ratio
840 578 891 606 ex
923 562 1033 606 6-10
1064 564 1293 618 generalem
1322 565 1503 618 regulam

178 645 401 686 deducendi
430 658 512 687 non
548 647 690 687 adesse
729 646 845 686 nobis
884 645 1052 686 videtur.
1114 645 1332 699 Singularis
1371 656 1502 696 causa,

178 737 256 780 qua
286 725 427 767 Codex
457 728 596 768 adduci
626 728 799 782 potuerit
827 731 870 766 ut
899 727 967 777 iis,
1005 738 1093 779 quae
1125 727 1166 766 in
1195 726 1365 779 antiquis
1394 725 1502 779 legi-

176 808 251 847 bus
288 808 641 861 praecipiebantur,
689 812 961 861 congruenter
1000 808 1281 860 obligationem
1321 806 1502 847 damnum

176 887 224 927 ab
256 889 486 928 animalibus
517 889 659 928 illatum
689 889 903 942 praestandi
942 888 991 929 ad
1026 899 1098 928 eos
1129 899 1244 928 casus
1273 888 1501 941 restringe-

176 971 250 1018 ret,
283 968 322 1007 in
354 968 495 1020 quibus
527 969 666 1010 animal
695 969 831 1010 laesum
862 969 933 1019 sit,
965 967 1079 1008 facile
1109 968 1150 1008 in
1182 979 1232 1008 eo
1264 968 1500 1018 continetur,

177 1048 285 1101 quod
315 1048 401 1090 haec
431 1050 586 1103 objecta
616 1051 705 1090 talia
736 1049 908 1100 fuerunt,
939 1053 981 1088 ut
1003 1053 1211 1103 respectus
1236 1048 1296 1089 rei
1318 1049 1500 1102 agrariae,

176 1129 354 1182 inprimis
394 1131 480 1184 ejus
512 1131 811 1181 communionis,
844 1142 932 1183 quae
965 1130 1070 1170 circa
1099 1138 1247 1183 pascua
1270 1129 1402 1170 locum
1425 1129 1501 1170 ha-

175 1210 305 1261 bebat,
335 1212 548 1265 specialem
577 1213 774 1252 rationem
804 1211 1004 1264 praeberet
1027 1215 1190 1250 eatenus
1215 1223 1374 1252 normas
1399 1223 1500 1252 con-

178 1292 384 1343 stituendi,
426 1304 514 1345 quae
547 1305 567 1332 a
598 1293 658 1333 rei
689 1297 827 1332 natura
859 1291 1136 1344 divergerent,
1175 1291 1310 1344 quales
1341 1293 1499 1345 specia-

175 1371 234 1412 les
263 1384 402 1412 causas
433 1384 513 1413 non
544 1374 670 1413 minus
702 1373 895 1413 sanctioni
926 1369 1090 1414 6-10-6
1122 1373 1372 1413 occasionem
1403 1373 1499 1414 dare

175 1453 352 1505 potuisse
383 1453 422 1493 in
452 1455 663 1507 propatulo
695 1459 768 1494 est.
817 1453 968 1501 Quodsi
992 1465 1091 1494 vero
1115 1465 1268 1507 negare
1292 1454 1498 1504 nonlicet,

174 1533 439 1586 singularibus
476 1534 696 1574 rationibus
734 1539 956 1588 praecepta,
998 1546 1086 1588 quae
1125 1534 1165 1574 in
1206 1531 1368 1575 6-10-5
1402 1539 1442 1575 et
1473 1532 1498 1576 6

174 1615 444 1665 continentur,
482 1619 754 1667 superstructa
785 1627 897 1666 esse,
933 1615 1047 1655 deest
1076 1616 1274 1666 conditio,
1304 1616 1390 1655 sine
1422 1628 1499 1669 qua

174 1695 448 1748 interpretatio
482 1697 685 1736 extensiva
717 1696 895 1736 adhiberi
925 1707 1006 1736 non
1029 1699 1174 1749 potest.
1221 1695 1497 1749 Adjiciendum

173 1787 298 1829 porro
338 1781 419 1827 est,
458 1787 580 1816 unum
619 1776 815 1830 quendam
847 1776 1004 1817 Codicis
1043 1777 1248 1817 articulum
1286 1778 1497 1830 positivum

173 1861 447 1910 argumentum
477 1869 552 1910 pro
584 1863 721 1898 nostra
750 1858 944 1898 sententia
976 1857 1182 1908 exhibere,
1214 1862 1407 1910 quatenus
1431 1858 1496 1898 le-

173 1938 403 1990 gislatorem
447 1938 659 1990 nequidem
703 1939 744 1979 in
789 1949 1030 1991 quocunque
1075 1949 1168 1977 casu
1214 1938 1495 1991 obligationem

173 2017 302 2058 damni
333 2018 563 2059 animalibus
588 2020 635 2059 ab
662 2020 892 2059 animalibus
917 2018 995 2059 dati
1018 2018 1263 2059 resarciendi
1288 2020 1495 2073 imponere

171 2103 382 2149 monstrat,
427 2111 571 2152 nempe
610 2097 798 2151 5-13-2,
845 2112 896 2140 ex
943 2111 1022 2153 quo
1068 2099 1249 2140 dominus
1288 2112 1405 2154 apum
1445 2101 1494 2140 ab

172 2180 278 2220 omni
315 2180 570 2233 praestatione
609 2181 790 2220 immunis
830 2185 910 2231 est,
950 2180 983 2220 si
1022 2193 1118 2234 apes
1158 2185 1270 2222 extra
1305 2182 1494 2235 apiarium

171 2261 296 2301 aliena
328 2262 504 2302 animalia
536 2261 764 2301 occiderint.
817 2261 984 2301 Ratione
1016 2262 1102 2315 ejus
1133 2261 1355 2315 argumenti
1387 2262 1493 2315 quod

171 2341 295 2381 celeb.
337 2332 482 2382 Orsted
523 2354 574 2382 ex
614 2354 663 2381 eo
705 2342 893 2392 desumit,
944 2342 1050 2394 quod
1090 2343 1266 2384 animalia
1305 2355 1413 2397 saepe
1452 2348 1495 2384 ut

171 2423 324 2476 objecta
355 2423 548 2475 ejusmodi
579 2423 822 2463 sanctionum
853 2422 1091 2475 afferuntur,
1132 2436 1220 2476 quae
1261 2437 1313 2465 ex
1342 2424 1491 2464 volun-

169 2507 247 2543 tate
286 2504 523 2556 legislatoris
561 2504 674 2544 latius
715 2509 865 2557 patent,
908 2506 1018 2557 cujus
1056 2507 1116 2547 rei
1152 2506 1377 2559 exemplum
1409 2502 1491 2545 5-8
