1712 2861
797 113 863 163 23

173 256 284 301 runt,
329 251 395 291 ubi
435 250 593 292 dicitur:
640 249 705 301 „In
744 249 880 290 bestiis
922 254 1050 290 autem
1081 256 1246 304 propter
1275 251 1492 290 naturalem

173 333 367 372 feritatem
397 332 484 372 haec
513 331 613 370 actio
643 330 775 370 locum
808 342 889 370 non
919 331 1060 381 habet,
1093 336 1132 371 et
1161 332 1278 381 ideo,
1311 332 1344 371 si
1374 342 1492 371 ursus

173 413 274 466 sugit
311 417 351 453 et
390 411 448 452 sid
476 411 630 460 nocuit,
676 422 756 450 non
787 415 917 464 potest
948 412 1146 463 quondam
1177 413 1358 453 dominus
1390 424 1491 452 con-

172 493 320 542 veniri,
361 493 451 544 quia
489 491 632 531 desinit
670 491 851 530 dominus
890 502 1002 541 esse,
1047 491 1115 530 ubi
1146 491 1233 532 fera
1264 494 1407 532 evasit:
1454 498 1493 533 et

169 572 283 622 ideo,
324 576 364 612 et
392 572 426 612 si
457 583 547 611 eum
579 571 726 621 occidi,
766 583 896 610 meum
927 582 1076 624 corpus
1108 573 1212 622 est,“
1258 577 1338 612 tum
1369 585 1431 626 pr.
1461 574 1490 613 I.

169 652 204 692 si
229 651 390 704 quadr„
421 651 460 691 in
485 664 564 705 quo
590 656 771 691 cavetur:
804 651 921 702 „Haec
948 656 1077 691 autem
1108 652 1208 693 actio
1239 653 1279 693 in
1309 653 1371 704 iiS,
1403 665 1491 706 quae

170 737 310 773 contra
331 727 525 773 ¹naturam
564 736 794 783 moventur,
839 718 969 772 lo'cum
1016 732 1145 772 habet.
1223 733 1410 774 Ceterum
1457 734 1491 773 si

169 813 350 866 genitalis
380 813 430 852 sit
459 813 616 852 feritas:
662 816 792 851 cessat
822 812 936 852 actio.
997 813 1178 865 Denique
1209 814 1244 853 si
1273 825 1390 854 ursus
1423 814 1490 853 su-

169 893 274 946 gerit
312 905 335 933 a
373 893 532 933 domino
573 897 613 932 et
650 893 708 932 sic
746 892 947 932 nocuerit:
991 904 1073 933 non
1111 898 1244 946 potest
1291 895 1489 947 quondam

170 973 351 1014 dominus
381 974 609 1014 conveniri:
642 973 733 1026 quia
765 972 907 1013 desinit
938 972 1119 1014 dominus
1151 986 1263 1026 esse,
1305 976 1373 1015 ubi
1403 975 1492 1016 fera

169 1055 338 1094 evasit:“
386 1067 473 1107 quae
511 1056 711 1109 praecepta
750 1055 965 1096 excludere
1012 1056 1197 1096 videntur
1244 1057 1492 1097 existentiam

169 1135 255 1188 ejus
286 1136 535 1186 conditionis,
566 1137 652 1176 sine
683 1149 760 1188 qua
791 1137 841 1176 de
872 1137 1109 1177 instituenda
1133 1137 1287 1177 actione
1313 1137 1363 1177 de
1388 1150 1491 1190 pau-

94 1267 105 1275 !
167 1216 281 1269 perie
311 1227 444 1256 sermo
476 1228 566 1256 esse
597 1217 745 1269 nequit,
777 1217 885 1270 quod
914 1229 1058 1270 nempe
1089 1217 1229 1257 animal
1252 1222 1390 1258 contra
1414 1229 1491 1258 na-

167 1301 294 1336 turam
324 1297 506 1337 damnum
537 1297 703 1348 dederit,
736 1298 921 1350 quoniam
951 1298 1036 1351 ipsa
1061 1297 1240 1338 ferorum
1269 1298 1489 1338 animalium

168 1381 320 1428 natura,
351 1377 430 1428 illa,
462 1378 573 1430 cujus
603 1377 717 1430 leges
742 1379 983 1418 mentionem
1008 1377 1155 1418 faciunt
1185 1379 1393 1430 „naturalis
1424 1379 1490 1419 fe-

166 1458 294 1498 ritas“
325 1458 529 1511 „genitalis
559 1457 726 1497 feritas“
758 1458 868 1499 ferre
899 1459 1078 1509 videtur,
1122 1464 1165 1499 ut
1196 1459 1378 1499 damnum
1407 1471 1489 1499 non

167 1543 305 1579 contra
334 1543 513 1579 naturam
543 1539 691 1579 illatum
723 1550 813 1579 esse
843 1539 1046 1592 perhiberi
1070 1540 1208 1593 possit.

225 1619 330 1660 Inter
356 1631 441 1670 eos,
467 1620 533 1672 qui
558 1619 843 1672 objectionibus
860 1620 982 1661 allatis
1000 1621 1077 1661 vim
1093 1621 1261 1674 aliquam
1277 1621 1490 1672 decisivam

169 1701 412 1751 tribuerunt,
443 1711 525 1740 non
555 1699 728 1739 constitit
758 1699 808 1739 de
840 1711 913 1750 eo,
952 1705 1084 1740 utrum
1115 1701 1276 1742 omnino
1306 1713 1388 1742 non
1417 1703 1490 1743 ista

168 1781 284 1832 actio,
301 1793 350 1821 an
366 1792 453 1820 cum
468 1780 782 1820 restrictionibus
799 1780 976 1821 adhiberi
992 1782 1180 1835 potuerit,
1198 1782 1334 1834 quales
1351 1783 1490 1824 diver-

165 1873 232 1902 sas
255 1861 316 1902 rei
339 1861 564 1915 spectandae
592 1861 768 1901 rationes
793 1862 945 1915 attingit
960 1862 1158 1903 Zimmern
1182 1862 1224 1905 t'n
1242 1863 1399 1918 &ostem
1424 1864 1491 1906 ber

166 1940 368 1996 ri'mtt'fdyett
399 1941 662 1995 {Rora'fflctgen
699 1955 738 1995 p.
773 1940 1026 1993 100—102,
1073 1955 1239 1996 quarum
1276 1956 1395 1984 unam
1426 1945 1490 1985 af·-

167 2022 282 2063 serre,
306 2022 450 2074 licebit,
488 2023 579 2075 quia
609 2023 832 2075 exemplum
862 2023 985 2063 instar
1015 2024 1188 2071 omnium
1217 2025 1373 2078 praebet
1402 2025 1490 2079 ejus

167 2103 453 2157 interpretandi
482 2103 669 2154 rationis,
715 2115 792 2156 qua
831 2103 880 2143 ad
919 2105 1153 2145 sententiam
1191 2105 1325 2146 verbis
1355 2106 1490 2160 legum

131 2226 134 2228 Α
168 2185 354 2225 sancitam
383 2185 669 2225 removendam
698 2185 760 2223 usi
790 2189 893 2236 sunt,
925 2197 1012 2225 eam
1041 2197 1199 2240 nempe,
1230 2199 1283 2227 ex
1315 2199 1392 2240 qua
1421 2199 1489 2228 res

167 2265 220 2305 ita
251 2265 501 2318 expedienda
532 2271 605 2316 est,
636 2270 679 2305 ut
709 2265 984 2318 distinguatur,
1024 2271 1157 2307 utrum
1186 2268 1369 2308 dominus
1400 2268 1488 2308 ani-

169 2345 279 2386 malis
309 2345 407 2398 feri,
454 2347 561 2399 quod
590 2346 746 2397 nocuit,
791 2346 944 2386 laesioni
975 2348 1223 2389 occasionem
1255 2347 1410 2389 dederit
1439 2361 1489 2389 an

167 2438 262 2479 non,
292 2428 344 2469 ita
374 2433 416 2468 ut
445 2428 485 2469 in
515 2428 641 2481 priori
672 2439 765 2469 casu
796 2428 949 2470 actione
981 2428 1031 2469 de
1055 2429 1247 2483 pauperie
1277 2430 1358 2484 peti
1387 2441 1487 2483 pos-
