1712 2861
784 112 845 162 81

159 254 332 294 animalis
372 253 558 293 omissum
597 265 688 293 esse
719 265 885 294 neeesse
917 260 975 294 est
1006 259 1219 304 statuatur,
1260 256 1320 295 cui
1353 267 1479 309 argu-

154 341 288 376 mento
329 347 415 375 eam
446 335 495 374 ab
535 345 689 374 eausam
729 336 940 387 singularis
978 335 1039 374 vis
1070 335 1277 375 tribuenda
1309 336 1479 388 videtur,

156 416 262 468 quod
302 420 425 455 const.
466 411 520 454 29
553 412 639 454 Oct.
684 413 796 456 1794
837 420 862 464 §
894 413 949 456 36
987 417 1248 457 resarcitione
1288 418 1326 457 in
1366 419 1480 458 simili

156 497 326 550 quodam
356 507 448 536 casu
480 495 776 536 determinanda
815 496 1084 537 limitationem
1116 497 1223 550 §pho
1256 494 1357 537 31da
1383 510 1479 538 sau-

154 577 266 617 eitam
294 577 525 630 respexisse
566 576 764 617 censenda
795 582 867 617 est.

267 657 311 697 In
350 658 513 698 materia
552 658 602 698 de
644 641 808 709 damno,
856 658 962 711 quod
1003 659 1110 712 agris
1153 659 1201 699 ab
1251 660 1478 702 animalibus

153 737 291 777 alienis
328 737 517 788 infertur,
564 739 766 779 tractanda
813 743 935 779 restat
982 740 1101 779 modo
1147 744 1188 780 ut
1234 753 1478 792 moneamus,

153 818 450 859 constitutiones
480 816 509 859 8
539 819 647 871 Sept.
682 817 793 860 1812
826 825 865 859 et
895 817 952 859 24
977 819 1084 872 Sept.
1119 817 1230 860 1813
1263 821 1478 875 singularia

151 904 349 952 praecepta
381 899 600 949 continere,
631 900 810 952 priorem
841 899 892 939 de
918 900 1032 951 equis
1055 901 1303 953 vagantibus,
1335 907 1477 954 poste-

150 979 298 1019 riorem
337 978 387 1020 de
426 979 634 1038 arietibus,
682 992 778 1032 quas
817 979 931 1032 leges
971 981 1022 1019 ita
1063 992 1154 1020 esse
1202 981 1477 1036 intelligendas

153 1059 443 1101 observandum
482 1064 562 1110 est,
616 1064 658 1101 ut
697 1060 980 1113 obligationem
1028 1060 1156 1112 plenae
1204 1064 1477 1103 resarcitionis

150 1127 397 1194 praestandae,
428 1141 533 1181 nullo
563 1145 751 1194 respectu
781 1141 899 1193 pretii
930 1141 1106 1180 animalis
1133 1141 1279 1192 habito,
1312 1143 1474 1184 domino

151 1221 258 1274 ejus,
302 1224 337 1261 si
375 1221 559 1263 damnum
598 1221 763 1271 feeerit,
809 1221 1036 1274 injungant,
1084 1222 1191 1274 quod
1231 1228 1310 1264 tum
1352 1225 1477 1264 verba

152 1313 287 1343 earum
317 1301 462 1353 ferunt,
495 1314 582 1355 quae
614 1307 789 1342 ceterum
819 1307 967 1356 praeter
998 1314 1187 1344 summam
1217 1303 1476 1344 redemtionis

150 1383 266 1423 etiam
296 1384 495 1436 impensas
526 1383 855 1437 deprehensionis
886 1383 1099 1423 solvendas
1127 1395 1217 1423 esse
1242 1390 1474 1435 monstrant,

150 1468 230 1505 tum
263 1464 408 1518 optime
439 1476 526 1505 cum
558 1477 608 1504 eo
640 1465 826 1505 convenit
871 1464 979 1516 quod
1010 1464 1192 1505 dominus
1221 1465 1354 1506 talium
1386 1467 1475 1505 ani-

149 1545 306 1586 malium
345 1556 395 1585 eo
433 1545 523 1598 ipso
564 1545 671 1598 quod
703 1558 750 1586 ea
780 1545 820 1586 in
850 1556 924 1586 suo
955 1556 1035 1586 non
1069 1544 1300 1597 detinuerit,
1332 1546 1475 1588 factum

149 1624 321 1666 illicitum
352 1624 516 1666 admisit.

267 1705 382 1746 Circa
422 1706 604 1748 damnum
643 1707 805 1760 sepibus
844 1707 988 1748 illatum
1027 1707 1182 1748 mitiora
1227 1714 1318 1751 sunt
1364 1721 1475 1764 prae-

149 1786 294 1839 scripta
313 1786 456 1826 'harum
478 1787 625 1840 legum,
658 1800 774 1840 quam
791 1800 879 1841 quae
913 1789 1190 1828 constitutione
1217 1786 1242 1829 9
1260 1788 1335 1829 Juli
1362 1787 1472 1830 1817

149 1868 412 1918 eontinentur,
447 1868 592 1921 quippe
619 1881 737 1921 quum
768 1868 950 1909 dominus
984 1870 1161 1910 animalis
1191 1869 1369 1910 laedentis
1393 1882 1473 1910 non

150 1948 225 1988 nisi
255 1949 295 1988 in
327 1949 506 2002 simplum
535 1954 737 1998 teneatur3
769 1949 860 1989 vide
885 1955 1010 1989 const.
1042 1947 1070 1990 8
1087 1949 1194 2003 Sept.
1223 1947 1334 1991 1812
1367 1954 1422 1998 §§
1447 1948 1473 1990 2

151 2033 190 2070 et
219 2026 260 2079 4,
292 2033 408 2082 atque
439 2034 564 2071 const,
597 2027 654 2071 24
683 2029 790 2082 Sept.
825 2026 936 2073 1813
970 2034 1024 2079 §§
1056 2028 1082 2070 2
1115 2035 1154 2071 et
1182 2029 1223 2074 4.

723 2186 756 2241 ξ
811 2182 891 2231 27.

668 2309 961 2357 Continuatio.

267 2435 401 2489 Leges
439 2433 582 2489 patriae‘
615 2435 718 2477 aliud
759 2435 940 2477 damnum
979 2436 1027 2476 ab
1067 2434 1298 2476 animalibus
1329 2434 1471 2476 laetum

152 2526 232 2556 non
272 2512 599 2567 cemmemorant‚
646 2529 761 2569 quam
801 2516 908 2570 quod
948 2516 1192 2567 hominibus,
1237 2517 1471 2570 pecudibus,

1181 2595 1205 2636 G
