1712 2861
832 116 899 167 28

327 254 442 302 Quod
481 255 514 294 si
554 259 682 295 autem
721 254 793 294 alia
833 255 1058 309 quadrupes
1098 257 1210 296 aliam
1241 269 1433 311 aggressa
1463 264 1523 300 est

210 340 325 387 atque
356 335 476 374 altera
507 346 641 374 earum
671 339 838 375 mortem
870 336 977 387 obiit,
1019 337 1177 377 domino
1210 338 1308 390 ejus,
1340 350 1428 390 quae
1458 339 1523 378 in·-

209 414 375 454 terfecta
406 419 485 465 est,
526 420 662 454 contra
693 415 892 472 dominum
923 417 1007 469 ejus
1038 418 1233 468 animalis,
1275 419 1382 470 quod
1413 419 1524 459 occi-

209 495 284 545 dit,
325 495 480 535 actione
512 496 561 535 de
591 498 784 549 pauperie
816 497 990 549 experiri
1019 509 1101 538 non
1130 498 1242 548 licet,
1277 499 1353 538 nisi
1384 499 1524 539 animal

210 576 383 614 occisum
413 581 668 628 provocatum
701 562 859 626 fuiss‘et,
896 588 976 616 non
1005 589 1104 617 vero
1136 577 1171 616 si
1199 577 1277 617 hoc
1305 578 1433 631 ipsum
1463 579 1524 619 al-

210 660 339 694 terum
369 656 597 705 invasisset3
631 668 718 708 quae
748 657 1141 709 regulacontinetur
1179 657 1219 695 in
1252 657 1277 696 l.
1312 657 1350 697 12
1382 658 1523 706 §.v11.

210 735 300 787 Dig.
331 735 369 775 h.
400 740 426 775 t.
460 735 581 787 „Cum
613 736 756 776 arietes
786 736 851 776 vel
881 738 1007 777 boves
1034 736 1332 788 commisissent,
1363 742 1402 777 et
1425 738 1525 778 alter

209 816 374 855 alterum
406 816 568 866 occidit,
610 817 775 864 Quintus
805 816 955 856 Mucius
986 817 1179 867 distinxit,
1217 821 1260 856 ut
1297 818 1331 857 si
1367 818 1525 870 quidem

209 896 242 935 is
273 897 478 948 periisset,
528 896 593 948 qui
632 909 849 950 aggressus
885 902 990 948 erat,
1029 902 1207 937 cessaret
1244 898 1365 938 actio:
1405 899 1438 938 si
1476 899 1525 949 is,

210 977 278 1028 qui
314 988 395 1016 non
433 964 745 1029 provocaverat,
793 968 1039 1031 competeret
1077 979 1191 1018 actio.
1261 978 1526 1025 Quamobrem

211 1067 300 1095 euin
325 1057 399 1095 sibi
423 1062 488 1096 aut
510 1069 655 1097 noxam
678 1058 841 1109 sarcire,
872 1063 937 1098 aut
959 1058 998 1097 in
1022 1071 1166 1099 noxam
1188 1059 1337 1099 dedere
1355 1062 1524 1111 oportet.

326 1137 398 1176 Ubi
421 1137 582 1189 probari
606 1138 755 1190 nequit,
787 1139 894 1190 quod
928 1125 1067 1179 animal
1095 1139 1386 1192 provocaverit,
1418 1137 1525 1190 quod

210 1228 307 1256 vero
338 1222 597 1269 provocatum
627 1219 688 1268 sit,
721 1219 820 1258 actio
851 1230 932 1258 non
963 1218 1141 1268 datum-³).

325 1297 368 1336 In
408 1297 662 1349 disquirenda
702 1311 749 1339 ea
787 1311 873 1339 rem
905 1299 1109 1352 spectandi
1138 1299 1312 1348 ratione,
1352 1309 1429 1350 qua
1457 1297 1527 1336 niti

210 1377 450 1417 censendum
476 1383 535 1417 est
559 1384 800 1432 praeceptum
823 1392 952 1432 nuper
975 1380 1129 1419 allatum
1150 1379 1175 1418 l.
1204 1378 1241 1418 1.
1267 1382 1305 1426 §.
1336 1376 1401 1417 11.
1431 1377 1522 1430 Dig.

209 1457 247 1496 h.
279 1462 304 1496 t.
347 1457 637 1498 diversissimas
674 1460 758 1499 vias
796 1460 966 1513 ingressi
998 1464 1113 1510 sunt,
1153 1459 1299 1511 quippe
1337 1470 1425 1498 cum
1464 1457 1527 1496 alii

210 1540 450 1580 crediderint
478 1540 556 1580 hoc
584 1545 825 1593 praeceptum
864 1540 953 1580 idea
993 1539 1159 1592 quadam
1183 1539 1286 1592 juris
1317 1537 1525 1578 defensio-

208 1621 269 1660 nis
309 1622 537 1661 animalibus
568 1620 827 1673 competentis
858 1619 1060 1659 fundatum
1099 1631 1211 1670 esse,
1240 1620 1293 1659 ita
1321 1623 1364 1658 ut
1383 1618 1526 1658 domi—

208 1713 283 1741 nus
309 1702 482 1742 animalis
505 1701 758 1755 provocantis
781 1704 977 1750 teneatur,
1009 1699 1116 1752 quod
1136 1699 1284 1762 »animal
1306 1699 1404 1739 fines
1423 1699 1524 1752 juris

208 1783 396 1822 naturalis
427 1782 666 1832 excesserit,
698 1781 878 1821 dominus
907 1792 1007 1820 vero
1040 1781 1146 1833 ejuS,
1187 1779 1294 1832 quod
1323 1791 1525 1832 provoca-

208 1867 289 1902 tum
320 1867 392 1914 est,
422 1875 504 1903 non
533 1866 728 1912 teneatur,
766 1866 983 1914 propterea
1016 1861 1122 1913 quod
1154 1860 1292 1900 animal
1322 1860 1407 1913 eJ'us
1432 1861 1525 1914 jure

209 1943 454 1983 defensionis
491 1955 605 1982 usum
643 1941 860 1982 secundum
897 1946 1074 1981 naturam
1113 1941 1262 1994 egerit;
1303 1941 1366 1980 alii
1395 1945 1525 1981 autem

210 2024 541 2075 existimaverint,
574 2024 855 2077 obligationem
886 2021 1045 2062 domino
1076 2021 1249 2062 animalis
1278 2021 1525 2074 aggredien-

209 2104 258 2143 tis
298 2105 510 2157 injunctam
547 2105 587 2143 in
627 2115 676 2144 eo
707 2102 797 2154 niti,
838 2102 945 2155 quod
983 2102 1048 2142 ille
1086 2113 1168 2141 non
1201 2101 1288 2142 sine
1318 2101 1433 2155 culpa
1462 2103 1525 2153 sit,

209 2184 277 2224 ubi
306 2185 438 2224 vitium
471 2185 645 2225 animalis
675 2183 798 2237 ipsius
829 2189 1099 2236 cognoscens,
1140 2194 1218 2234 quo
1253 2181 1380 2223 minus
1411 2182 1525 2224 dam-

257 2337 294 2379 ᾗ)
331 2336 498 2370 Convenit
521 2338 588 2370 hoc
612 2337 635 2371 l.
660 2336 714 2371 45.
741 2338 775 2379 §.
800 2334 832 2370 3.
857 2335 898 2369 D.
925 2336 967 2369 ad
991 2335 1059 2379 leg.
1083 2335 1189 2379 Aqu.:
1233 2335 1316 2369 Cum
1344 2341 1526 2370 stramenta

328 2399 480 2432 ardentia
505 2399 725 2432 transsilirent
750 2399 817 2431 duo
844 2403 1098 2439 concurrerunt,
1125 2398 1294 2443 amboque
1315 2399 1526 2440 ceciderunt,

327 2465 360 2492 et
392 2460 475 2493 alter
507 2461 640 2493 flamma
673 2466 892 2504 consumptus
925 2466 985 2494 est.
1039 2460 1130 2493 Nihil
1162 2471 1205 2494 eo
1240 2461 1380 2494 nomine
1416 2465 1526 2504 potest

329 2523 396 2564 agi,
421 2523 449 2555 si
474 2533 542 2556 non
568 2522 776 2566 intelligitur,
801 2528 876 2556 uter
902 2523 943 2555 ab
969 2527 1043 2556 utro
1069 2533 1207 2556 eversus
1231 2527 1283 2556 s1t.
