1712 2861
806 88 874 138 87

297 227 413 268 Prior
442 226 625 267 articulus
651 227 700 267 ad
725 240 811 268 eam
835 239 1027 277 normam,
1059 238 1176 279 quam
1206 225 1500 280 investigamus,

182 308 454 348 inveniendam
478 309 686 362 plurimum
711 308 856 349 afferre
881 308 996 348 nobis
1027 307 1194 348 videtur.
1248 307 1305 348 Ea
1334 308 1501 359 ratione,

183 401 260 441 qua
290 380 572 442 obligatio‘nem
602 389 872 430 resarcitionis
902 388 1135 442 praestandae
1166 387 1326 429 domino
1352 389 1504 429 anima-

178 469 249 520 lis,
288 469 396 521 quod
426 469 532 509 aliud
562 470 725 521 occidit,
762 470 975 523 injungens
1014 470 1182 510 eandem
1213 469 1327 509 simul
1356 469 1503 519 limitat,

181 550 274 591 satis
305 560 507 603 superque
537 550 702 601 indicat,
741 550 1024 604 obligationem
1053 551 1093 591 in
1123 549 1318 604 ejusmodi
1347 549 1504 588 casibus

180 630 499 690 restringendam
531 643 635 682 esse,
665 631 705 672 in
737 632 876 684 quibus
902 632 994 672 alias
1025 631 1151 682 fieret,
1182 636 1224 672 ut
1250 629 1432 670 damnum
1458 630 1505 669 ab

181 722 262 751 uno
293 712 346 751 ita
375 716 647 762 averteretur,
685 717 726 753 ut
764 713 900 765 iniquo
938 713 1058 754 modo
1088 714 1129 753 in
1159 713 1324 752 alterum
1353 710 1508 751 redun-

183 792 315 841 daret3
360 792 400 832 in
447 799 498 834 eo
544 793 649 834 enirn
687 804 856 834 neccsse
895 798 955 834 est
993 794 1083 833 insit
1120 792 1347 846 principalis
1389 803 1506 832 causa

183 873 270 925 ejus
299 874 508 926 praecepti,
539 874 579 912 vi
610 874 742 926 cujuS‚
775 875 808 914 si
838 874 1009 927 pretium
1039 874 1216 914 animalis
1247 873 1368 914 occisi
1399 873 1508 913 aesti-

184 954 394 993 mationem
426 954 533 1006 ejus,
573 953 681 1006 quod
713 954 875 1005 occidit,
915 959 980 994 aut
1019 959 1201 1013 exaequat
1240 959 1305 995 ant
1334 958 1509 1008 superat,

182 1045 265 1074 non
295 1034 370 1074 nisi
400 1033 557 1076 dimidia
587 1034 688 1074 illius
717 1035 834 1087 pretii
865 1046 958 1087 pars
997 1034 1189 1074 solvenda
1220 1040 1300 1085 est,
1341 1047 1508 1087 quacum

182 1115 244 1155 rei
274 1114 500 1167 spectandae
531 1116 685 1156 ratione
718 1116 896 1168 apprime
927 1115 1113 1155 convenit
1144 1112 1322 1166 6-10-6,
1355 1128 1406 1156 ex
1429 1128 1508 1168 quo

184 1195 231 1245 is,
263 1195 374 1249 cujus
406 1197 513 1236 canis
544 1196 684 1236 animal
714 1197 882 1236 alienum
913 1196 1122 1236 trucidavit
1144 1196 1210 1237 vel
1235 1197 1274 1237 in
1297 1197 1384 1237 loca
1408 1208 1511 1250 pro-

184 1275 305 1316 funda
335 1277 534 1329 compulit,
566 1278 691 1330 prima
720 1277 808 1317 vice
839 1277 888 1317 ad
919 1277 1124 1318 dimidium
1155 1277 1338 1318 damnum
1368 1289 1508 1319 resar-

186 1357 368 1397 ciendum
398 1362 570 1398 tenetur.

275 1437 559 1491 Principium,
600 1437 708 1491 quod
746 1443 909 1479 eatenus
940 1438 1093 1479 articuli
1123 1439 1280 1493 allegati
1311 1439 1513 1489 exhibent,

182 1518 298 1571 justis
344 1519 562 1558 rationibus
599 1519 852 1572 legislatoriis
900 1519 1131 1560 satisfacere
1176 1520 1355 1571 videtur,
1402 1520 1514 1560 adest

189 1599 293 1638 enim
332 1598 515 1646 damnum
546 1599 723 1652 casuale,
763 1599 871 1651 quod
909 1611 985 1652 pro
1023 1605 1108 1640 rata
1139 1602 1336 1641 sustinere
1368 1600 1515 1640 debent

141 1717 155 1721 ,
187 1684 270 1719 tum
300 1679 482 1720 dominus
513 1680 686 1734 animalis
717 1680 920 1731 nocentis,
955 1684 1037 1720 tum
1067 1681 1100 1721 is
1132 1684 1198 1733 qui
1229 1680 1412 1721 damnum
1442 1693 1513 1720 ac·-

189 1762 307 1814 cepit‚
339 1773 462 1813 qnare
490 1772 573 1801 non
603 1761 823 1801 dubitamus
855 1762 962 1814 quin,
1001 1761 1036 1802 si
1071 1767 1280 1802 censeatur
1309 1761 1515 1815 legislator

189 1842 365 1883 voluisse
388 1841 584 1892 damnum,
617 1842 667 1882 de
693 1854 772 1895 quo
797 1843 962 1896 agimus,
994 1842 1259 1896 praestandum
1285 1854 1391 1894 esse,
1421 1842 1515 1882 huic

188 1934 275 1963 rem
314 1923 520 1977 spectandi
557 1923 699 1963 rationi
739 1928 1010 1976 congruenter
1050 1927 1192 1975 (quam
1227 1923 1344 1963 etiam
1372 1923 1412 1962 in
1443 1923 1517 1963 alia

189 2004 354 2044 materia
383 2003 601 2045 ordinanda
630 2004 773 2057 vigere
802 2004 945 2056 probat
968 2000 1160 2053 5-3-38)
1185 2005 1405 2057 generatim
1429 2007 1515 2044 sta-

188 2085 378 2126 tuendum
402 2085 465 2136 sit,
495 2085 563 2125 ubi
587 2085 636 2125 ab
662 2085 891 2125 animalibus
917 2084 1078 2138 alicujus
1102 2085 1224 2126 rebus
1248 2085 1384 2126 alienis
1401 2085 1516 2125 dam-

190 2177 285 2206 num
314 2166 458 2206 illatum
493 2165 633 2216 fuerit,
673 2165 869 2206 dimidiam
908 2171 1062 2220 partem
1098 2166 1226 2220 hujus-
1252 2165 1516 2220 praestandam

193 2259 297 2288 esse.
330 2270 384 2277 —
417 2246 516 2288 Cum
553 2243 856 2300 vero—6-10-5>
896 2248 937 2288 in
975 2247 1191 2301 posteriori
1228 2249 1407 2288 membro
1443 2260 1518 2288 re-

194 2328 437 2368 strictionem
468 2332 632 2368 eatenus
663 2327 831 2381 adjiciat,
864 2332 1070 2381 quatenus,
1109 2329 1143 2369 si
1174 2329 1313 2370 animal
1344 2329 1518 2369 occisum

193 2408 357 2449 minoris
395 2409 512 2462 pretii
543 2421 659 2461 quam
691 2409 875 2450 occidens
907 2408 1050 2461 fuerit,
1091 2410 1246 2464 plenam
1285 2410 1371 2464 eJus
1407 2409 1518 2450 aesti-

196 2490 406 2531 mationem
437 2489 666 2531 solvendam
698 2501 788 2532 esse
820 2491 1019 2545 praecipit,
1058 2503 1227 2533 necesse
1262 2496 1323 2533 est
1352 2489 1519 2531 restric-
