1712 2861
839 113 902 161 13

213 250 400 290 obtineat.
459 249 502 289 ln
531 247 592 289 his
623 252 754 289 autem
784 260 875 289 eum
904 248 1048 300 locum,
1079 261 1196 302 quem
1227 250 1266 290 in
1295 250 1424 291 servis
1454 251 1530 292 de-

212 331 301 371 licta
338 330 504 380 habent,
550 333 658 369 tenet
695 328 839 369 malitia
875 342 910 370 o:
942 328 1078 370 feritas
1109 335 1258 370 naturae
1289 342 1429 372 eorum
1458 344 1530 373 re-

212 421 415 464 pugnans,
470 414 509 449 et
547 414 731 462 tanquam
770 409 831 460 id,
879 410 986 462 quod
1025 410 1064 449 in
1094 412 1222 450 servis
1262 413 1418 452 casuale
1458 419 1531 464 est,

212 490 482 532 aestimandum
513 495 574 530 est
603 491 642 530 in
675 490 904 531 animalibus
934 490 997 541 id,
1037 489 1144 542 quod
1181 490 1330 543 impetu
1367 495 1533 534 naturali

211 573 406 625 aguntffi.

329 649 630 691 Observandum
661 656 836 692 ceterum
867 655 940 702 est,
970 652 1010 692 in
1035 651 1243 692 existentia
1270 664 1406 693 earum
1430 666 1532 694 con-

211 731 423 783 ditionum,
469 743 566 784 quas
605 743 734 785 nuper
772 732 989 783 attulimus,
1033 733 1121 773 sine
1160 733 1301 785 quibus
1340 735 1440 774 actio
1481 735 1531 775 de

211 813 401 865 pauperie
432 812 620 866 applicari
649 813 806 865 nequit,
851 814 891 853 in
920 813 1076 866 singulo
1117 815 1258 866 quovis
1298 826 1394 854 casu
1425 814 1531 868 diju-

211 892 376 933 dicanda
413 904 494 933 non
533 893 573 933 in
611 893 934 933 consideratione
974 893 1141 946 quadam
1181 895 1358 947 generali
1397 895 1531 935 subsi-

209 973 392 1014 stendum
423 985 536 1025 esse,
580 975 774 1014 rationem
813 979 943 1015 autem
974 979 1158 1014 accurate
1187 974 1409 1015 habendam
1439 988 1530 1016 esse

211 1055 384 1095 omnium
415 1046 577 1107 eorum,
617 1068 705 1108 quae
736 1055 776 1096 in
807 1059 995 1096 concreto
1025 1056 1077 1095 ita
1107 1055 1255 1106 adsint,
1300 1061 1342 1096 ut
1372 1057 1531 1097 modifi-

210 1136 388 1176 cationes
426 1136 573 1177 afferre
613 1140 770 1189 queant.
846 1136 970 1190 Hujus
1007 1137 1069 1176 rei
1106 1137 1371 1177 testimonium
1408 1138 1449 1178 in
1480 1150 1530 1178 eo

211 1217 449 1267 continetur,
481 1217 588 1270 quod
619 1218 654 1258 si
684 1229 811 1270 equus
842 1216 982 1257 dolore
1014 1219 1229 1258 concitatus
1260 1219 1367 1258 calce
1397 1219 1531 1271 petie-

210 1297 273 1347 rit,
305 1302 433 1337 cessat
462 1299 577 1349 actio,
609 1298 723 1338 datur
753 1303 895 1348 autem,
927 1298 961 1338 si
991 1310 1132 1351 equus,
1164 1311 1281 1351 quem
1313 1299 1400 1351 quis
1430 1311 1532 1352 per-

209 1378 341 1418 mulsit
369 1378 435 1418 vel
463 1378 642 1432 palpatus
673 1383 754 1430 est,
793 1379 898 1419 hunc
927 1379 1034 1419 calce
1063 1380 1418 1433 percusserstff),
1456 1392 1532 1420 nec

209 1458 338 1499 minus
375 1463 456 1498 tum
494 1460 535 1499 in
576 1471 649 1511 eo,
696 1460 804 1513 quod
845 1460 909 1500 illa
939 1461 1040 1501 actio
1072 1465 1221 1511 cessat,
1266 1461 1334 1500 ubi
1364 1466 1533 1514 propter

209 1538 286 1579 loci
316 1539 559 1592 iniquitatem
590 1545 655 1580 aut
683 1545 850 1595 propter
883 1541 1035 1595 culpam
1064 1542 1248 1581 mulionis
1282 1546 1347 1581 aut
1377 1542 1411 1582 si
1441 1542 1531 1594 plus

205 1619 314 1672 justo
346 1625 511 1662 onerata
541 1621 768 1675 quadrupes
799 1623 839 1662 in
869 1623 1040 1675 aliquem
1071 1634 1172 1662 onus
1212 1624 1532 1674 everteritss‘w),

209 1704 291 1740 tum
328 1685 369 1741 in
410 1712 482 1752 eo,
529 1703 637 1754 quod
675 1704 777 1743 actio
809 1702 860 1743 de
889 1703 1080 1757 pauperie
1111 1703 1300 1754 cessabit,
1346 1704 1380 1744 si
1410 1704 1532 1755 canis,

210 1791 298 1820 cum
328 1781 542 1822 duceretur
572 1783 620 1822 ab
652 1782 797 1836 aliquo,
828 1785 1040 1838 asperitate
1071 1795 1142 1824 sua
1173 1785 1348 1824 evaserit
1386 1789 1426 1824 et
1456 1785 1533 1824 ali-

209 1861 272 1901 cui
302 1861 486 1902 damnum
516 1863 692 1914 dederit,
738 1864 772 1905 si
811 1866 1004 1906 contineri
1042 1864 1193 1906 firmius
1233 1866 1281 1905 ab
1312 1866 1377 1905 illo
1408 1870 1532 1918 pote-

208 1942 273 1993 rit,
303 1943 368 1982 vel
397 1955 473 1997 per
503 1956 593 1984 eum
622 1945 753 1984 locum
782 1946 914 1986 induci
938 1958 1019 1986 non
1044 1946 1198 1996 debuit3
1229 1947 1262 1986 is
1287 1958 1386 1987 vero
1412 1951 1531 1986 tene—

209 2023 335 2074 bitur,
368 2025 434 2076 qui
465 2036 605 2064 canem
634 2026 868 2075 tenebat-10.
929 2025 1168 2066 Monendum
1197 2037 1322 2079 porro
1355 2031 1428 2077 est,
1460 2039 1532 2066 ac-

208 2104 379 2155 tionem,
411 2104 462 2145 de
493 2117 570 2157 qua
599 2106 819 2158 loquimur,
857 2106 988 2147 locum
1017 2107 1193 2158 habere,
1239 2107 1324 2147 sive
1356 2119 1531 2160 corpore

209 2197 282 2226 suo
312 2186 544 2239 pauperiem
576 2186 802 2240 quadrupes
834 2187 1010 2240 dederit,
1056 2190 1142 2230 sive
1179 2200 1254 2243 per
1285 2188 1400 2229 aliam
1429 2201 1531 2240 rem,

253 2335 291 2377 ἃ)
316 2334 486 2369 Zimmern
511 2334 548 2371 in
573 2334 706 2381 &pstem
731 2338 789 2371 etc.
815 2348 846 2381 p.
872 2336 1021 2372 40-42.

229 2397 288 2439 m)
315 2397 336 2430 1.
364 2397 394 2430 1.
421 2398 456 2439 §.
483 2396 514 2431 7.
539 2398 616 2442 Dig.
642 2400 670 2432 si
697 2400 814 2444 quadr.

207 2458 285 2500 Ἠῶ)
311 2458 332 2491 l.
361 2458 390 2492 1.
417 2459 452 2501 §.
477 2458 509 2492 4.
537 2461 614 2493 eod.

229 2520 274 2562 ᾧ)
301 2519 321 2553 l.
350 2520 378 2554 1.
406 2521 441 2562 ξ.
468 2521 498 2555 5.
525 2521 564 2554 D.
593 2522 670 2555 eod.
