1712 2861
826 105 893 157 42

201 245 400 286 custodiro
439 243 602 295 debeat,
640 248 683 284 ut
719 244 759 284 in
797 255 935 297 agrum
966 245 1031 285 vel
1060 248 1214 299 pratum
1243 244 1403 286 alterius
1432 257 1514 287 non

199 325 490 378 ingrediantur,
529 337 552 364 a
589 323 721 377 vigilia
751 329 1003 377 pentecostes
1034 325 1084 365 ad
1112 324 1284 378 vigiliam
1314 325 1405 367 Soti.
1435 326 1514 366 Mi-

199 405 343 445 chaelis
352 418 363 454 3
410 405 444 444 si
482 405 721 445 contrarium
758 404 922 456 factum,
967 417 1039 446 eos
1081 406 1281 446 redimere
1318 410 1514 447 teneatur.

199 486 350 534 Quodsi
380 485 456 525 alio
486 490 667 538 tempore
696 485 737 525 in
767 497 907 538 agrum
937 486 1138 539 cujusdam
1170 486 1236 526 vel
1265 491 1419 539 pratum
1448 487 1514 526 in-

197 566 329 619 gressi
357 564 524 615 suerint,
563 565 713 617 absque
742 564 906 606 laesione
936 578 1009 606 eos
1039 566 1263 619 depellere,
1301 577 1383 607 non
1413 577 1514 606 vero

198 645 540 699 comprehendere
570 645 724 693 licetr‘).

314 724 431 772 Quod
461 725 595 764 attinet
625 734 722 764 vero
754 723 803 764 ad
831 724 1119 765 redemtionem
1149 724 1392 775 animalium,
1424 736 1513 778 quae

196 808 237 848 in
267 806 389 846 fundo
421 805 549 845 alieno
580 804 868 858 comprehensa
897 809 1000 856 sunt,
1033 806 1282 845 continentur
1313 809 1515 858 praecepta

197 889 236 927 in
266 887 388 927 Libro
419 884 541 936 IXn0‚
572 885 684 938 cujus
718 885 855 939 Capita
885 883 1015 936 2dum‚
1046 882 1170 936 3tium,
1200 882 1313 936 litum,
1347 883 1444 924 5tum
1475 889 1515 925 et

198 966 295 1009 sstum
326 966 570 1021 dispicienda
600 971 701 1006 sunt.

313 1048 514 1096 Quatenus
538 1053 662 1101 -caput
691 1046 799 1088 2dum
830 1047 915 1100 ejus
945 1045 1185 1087 mentionem
1214 1044 1326 1096 facit,
1366 1045 1433 1098 qui
1461 1057 1515 1086 ex

195 1129 403 1183 proposito
434 1141 522 1168 cum
551 1133 730 1168 armento
760 1127 899 1168 boario
938 1131 978 1168 et
1008 1139 1105 1167 cane
1135 1130 1251 1179 atque
1281 1131 1442 1180 pastore
1472 1126 1513 1166 in

195 1211 365 1250 alienum
403 1221 541 1262 agrum
579 1209 746 1258 invadit,
793 1207 843 1248 ad
889 1219 974 1247 rem
1016 1210 1190 1247 nostram
1226 1207 1392 1260 proprie
1431 1218 1513 1259 non

194 1290 379 1344 pertinet,
411 1290 556 1343 quippe
587 1301 674 1330 cum
704 1289 742 1329 in
775 1300 824 1328 eo
855 1299 949 1327 casu
980 1287 1160 1328 dominus
1182 1288 1378 1341 pecudum
1402 1287 1512 1328 hisce

197 1374 238 1410 ut
267 1369 397 1410 medio
423 1354 553 1410 damni
576 1369 773 1410 inferendi
798 1369 937 1409 dolose
961 1380 1056 1409 usus
1089 1369 1152 1419 sit,
1184 1373 1222 1408 at
1243 1381 1357 1409 suum
1381 1373 1511 1409 tamen

195 1450 350 1491 confert
379 1449 428 1490 ad
459 1462 546 1490 eam
574 1451 767 1490 rationem
797 1449 1083 1500 aestimandam,
1123 1462 1176 1490 ex
1217 1461 1294 1502 qua
1330 1450 1398 1490 lex
1430 1461 1513 1490 non

194 1531 269 1571 nisi
316 1530 595 1584 obligationem
642 1530 772 1570 damni
812 1529 1056 1570 resarciendi
1094 1529 1253 1569 domino
1293 1530 1511 1570 animalium

193 1612 372 1666 injungit,
401 1610 470 1652 ubi
500 1610 591 1651 dolo
623 1623 645 1651 a
668 1615 781 1664 parte
804 1610 915 1651 istius
940 1621 1021 1650 non
1043 1610 1332 1650 interveniente
1355 1622 1510 1651 nocue-

238 1770 276 1813 Ὅ
304 1770 404 1803 Scoth
426 1771 564 1805 horsum
587 1771 694 1804 allum
718 1783 758 1804 oc
780 1771 918 1804 wilcium
948 1771 1086 1804 horsum
1118 1762 1193 1804 scal
1225 1769 1285 1804 hin
1307 1782 1358 1803 oer
1381 1770 1466 1804 them
1489 1783 1512 1804 a

306 1832 431 1864 wardoe
453 1844 492 1865 oc
511 1836 626 1876 96mae,
653 1844 726 1866 swa
749 1839 786 1865 at
810 1833 863 1866 the
882 1843 1012 1865 camma
1035 1844 1074 1876 ey
1097 1833 1111 1865 i
1135 1832 1226 1865 akrae
1247 1843 1288 1865 oc
1307 1843 1346 1876 ey
1369 1833 1384 1865 i
1408 1845 1510 1877 aenqoe

308 1894 418 1926 andra
440 1906 577 1935 manna,
601 1895 683 1937 fran
696 1894 934 1938 Pinyisdayhae
957 1895 1063 1937 aftne,
1091 1906 1131 1926 oc
1155 1894 1198 1928 til
1215 1893 1385 1927 Michiaels
1408 1896 1511 1928 misse

308 1956 415 1997 ossan.
451 1967 583 1989 mtmma
615 1957 698 1989 thaes
730 1955 861 1989 imellin
892 1956 906 1988 i
938 1955 1010 1988 saed
1041 1954 1148 1988 aellaer
1178 1956 1193 1988 i
1224 1957 1341 2000 oenyiae
1363 1968 1507 1997 mannae,

307 2017 390 2050 ἔδεαι
413 2017 472 2051 hin
496 2030 544 2051 ων
568 2019 653 2052 them
676 2029 698 2052 a
722 2030 794 2051 swa
815 2018 890 2051 med
911 2017 1064 2051 waedium
1088 2029 1129 2050 oc
1159 2018 1234 2050 med
1255 2018 1352 2062 fiala
1372 2025 1413 2051 ut
1437 2030 1511 2052 sum

306 2080 363 2121 [ὃν
394 2091 442 2112 aer
473 2080 575 2113 moele.
644 2079 776 2113 Cumme
809 2080 862 2113 the
892 2081 950 2123 Ῑῦν
982 2080 1088 2113 aellaer
1118 2080 1228 2113 sidaen
1250 2081 1265 2113 i
1288 2080 1380 2112 akrae
1403 2080 1510 2112 aellaer

307 2142 322 2174 i
342 2153 456 2186 aenyoe,
485 2143 542 2175 tha
561 2142 660 2175 scula
673 2143 726 2175 the
742 2143 854 2175 skadae
876 2142 943 2175 lost
962 2142 1004 2185 af
1020 2141 1108 2174 aeltae
1129 2153 1168 2174 oc
1188 2152 1227 2184 ey
1247 2141 1285 2174 in
1304 2141 1400 2174 takae.
1441 2139 1508 2174 cfr.

307 2201 410 2236 Andr.
443 2203 571 2237 Sunon.
596 2203 668 2237 Lib.
692 2203 746 2237 IX.
773 2202 853 2247 Cap.
877 2202 947 2238 XII.
1006 2203 1081 2237 Non
1113 2208 1165 2236 est
1186 2207 1275 2235 totus
1301 2213 1409 2236 annus
1434 2203 1510 2236 ani-

306 2265 431 2299 malum
465 2265 629 2298 custodiae
664 2265 854 2309 deputatus.
916 2265 1041 2299 Verum
1073 2264 1157 2298 illud
1190 2270 1321 2308 tempus
1345 2269 1450 2298 totum
1476 2269 1510 2297 et

307 2328 417 2361 solum
452 2328 545 2371 quod
577 2338 596 2360 a
627 2328 755 2371 vigilia
779 2328 1000 2361 Pentecostes
1024 2327 1223 2368 inchoatur,
1265 2328 1356 2360 etin
1389 2326 1508 2370 vigilia

310 2390 345 2422 S.
363 2390 541 2422 Michaelis
554 2389 760 2435 Archangeli
774 2391 980 2423 terminatur.
1005 2387 1103 2422 Unde
1117 2389 1186 2422 alio
1201 2399 1407 2433 quocunque
1419 2393 1508 2421 tem-

307 2461 391 2494 pore
416 2452 443 2484 si
468 2453 680 2494 reperiantur
703 2453 737 2484 in
764 2453 854 2496 agi-is
879 2449 916 2485 ὥ
940 2452 1063 2500 pratis,
1088 2461 1158 2484 non
1183 2455 1324 2494 possunt
1348 2449 1508 2484 animalia

309 2513 574 2555 comprehendi,
600 2514 661 2547 sed
687 2514 817 2557 absque
843 2514 957 2558 aliqua
982 2512 1123 2547 laesione
1149 2512 1284 2555 depelli.
